1747 2841
89 134 118 152 a.
139 126 190 152 ch.
211 126 270 152 193.

574 124 699 158 LIBER
715 125 864 159 xxxv.
896 123 988 158 CAP.
1012 127 1064 158 19.
1460 125 1511 166 31

95 229 268 268 cunctari
299 240 453 266 causam
483 227 707 278 repentinae
733 227 970 266 alienationis
998 234 1035 266 et
1060 239 1225 278 purgare
1255 240 1307 274 se,
1340 234 1515 279 tempore

99 290 188 335 apto
221 284 391 335 quaesita
421 283 647 333 simpliciter
673 284 894 322 iracundiae
917 295 1029 322 causa
1052 283 1258 334 auditaque
1283 289 1414 333 „paler
1436 284 1514 322 Ha-
1536 286 1555 314 3

96 341 252 379 milcar“
276 340 413 390 inquit,
435 340 660 385 „Antiochen
691 352 854 390 parvum
875 339 1087 378 admodum
1109 352 1183 384 me,
1212 352 1300 377 rum
1323 340 1515 378 sacritica-

95 403 164 442 1·et,
185 396 366 435 altaribus
388 395 587 434 admouun
609 396 858 434 iureiuramlo
880 395 1004 445 adegit
1025 396 1418 445 numquamamicum
1434 398 1516 433 sore.

96 452 230 503 populi
253 452 429 490 Romani.
468 452 540 491 suh
574 452 646 489 linc
679 458 917 490 sacramento
948 464 1013 489 sex
1036 458 1069 489 el
1094 451 1246 501 triginta
1269 464 1393 490 anuos
1415 452 1515 489 mili·
1538 453 1552 482 4

96 509 193 555 tavi,
217 509 290 546 hoc
318 520 378 546 me
398 508 437 545 in
463 521 556 558 paee
578 508 697 558 patria
721 521 804 546 mea
828 508 994 558 expulit;
1026 508 1097 545 lior
1121 508 1240 558 patria
1261 514 1456 546 extorrem
1478 508 1515 545 in

97 571 201 603 tuam
232 564 376 614 regiam
406 564 586 609 adduxit;
618 565 690 602 hoc
721 564 830 610 dure,
862 565 892 601 si
925 570 962 602 lu
996 576 1105 614 spem
1139 576 1263 602 meam
1286 564 1517 602 destitueris.

99 620 336 671 ubicumque
369 620 481 666 vires,
509 621 574 659 11111
597 633 703 658 arma
725 633 808 659 esse
833 621 963 662 seiam,
992 620 1188 658 inveniam
1219 626 1296 658 tutu
1321 620 1414 658 orbe
1440 626 1516 658 ter-

97 689 229 715 rarum
256 688 448 726 quaerens
479 677 627 726 aliquos
657 677 844 715 Romanis
877 677 1008 714 hostis.
1052 676 1180 726 itaque
1209 676 1240 714 si
1265 676 1406 726 quibus
1428 683 1517 715 tuo-
1539 684 1557 714 5

97 745 187 771 rum
228 733 323 770 meis
365 733 596 771 criminibus
626 732 727 782 apud
760 739 794 771 te
827 745 1000 770 crescere
1025 732 1135 777 libet,

98 788 297 827 crescendi
328 801 374 826 ex
405 802 466 827 me
498 794 694 839 quaerant.

1177 733 1287 770 aliam
1322 733 1519 771 materiam

743 789 806 827 odi
839 789 1007 839 odioque.
1039 801 1126 827 sum
1158 790 1357 827 Romanis.
1400 789 1436 826 id
1458 802 1519 827 me
1539 794 1558 824 ϋ

98 857 236 883 verum
271 845 397 883 dicere
418 852 524 895 pater
547 845 739 883 llamilcar
761 851 797 883 et
817 845 866 883 dii
891 852 1004 883 {estes
1029 851 1130 883 sunt.
1174 845 1339 894 proinde
1363 857 1453 882 eum
1473 845 1521 883 de

97 901 198 939 bello
214 901 393 940 Romano
412 901 607 952 cogitabis,
630 902 729 939 inter
749 902 898 951 primns
924 901 1069 939 amieos
1083 900 1336 939 Hannibalem
1358 901 1519 943 habeto:

96 957 128 995 si
150 969 224 1007 qua
245 969 306 995 res
329 963 363 996 te
385 957 430 995 ad
454 969 588 1007 pacem
607 957 822 1008 compellet,
844 958 881 995 in
906 958 942 995 id
960 957 1167 995 eonsilium
1188 957 1316 1003 alium,
1340 970 1428 995 (·ιιιιι
1442 969 1519 1008 quo

97 1013 298 1057 deliberes,
336 1014 548 1063 quae1·it0.“

98 1069 210 1107 etiam
242 1069 501 1107 reconciliavit
523 1069 738 1108 Hannibali.

97 1125 242 1163 bellum
264 1132 474 1175 gereretur.

144 1226 344 1265 3—4.parv.
358 1228 453 1261 adm„
469 1227 521 1265 21,
546 1227 574 1265 1,
586 1228 625 1263 4;
641 1224 775 1267 Poly-lm

98 1271 169 1316 ἔφη
195 1288 238 1292 -
263 1270 323 1311 ἔτη
360 1271 460 1314 ἔχειν
491 1270 605 1304 ἐννέα.
646 1289 689 1292 -
719 1272 776 1302 sub

97 1317 129 1349 Ιι.
162 1327 198 1356 3.,
226 1315 299 1347 hier
333 1316 513 1356 gleichsam
545 1316 603 1348 der
627 1315 777 1347 Fahnen-

98 1361 161 1401 eid,
206 1361 330 1392 xorher
365 1361 423 1393 der
457 1360 663 1401 Eidsehwyui
709 1361 774 1401 vgl

99 1408 153 1447 25,
183 1407 236 1446 37,
269 1407 305 1438 3:
329 1409 386 1438 sub
410 1408 468 1438 hac
492 1409 662 1445 disciplina
688 1418 719 1437 u.
746 1407 775 1437 'a.

99 1470 142 1474 —
166 1463 220 1484 sex
244 1462 268 1483 e.
294 1458 348 1490 tr„
386 1452 474 1483 diese
509 1451 663 1484 scheinen
687 1452 778 1482 nicht

99 1507 163 1528 von
203 1497 273 1528 dem
312 1496 559 1537 kriegsfahigen
598 1497 694 1528 Alter
735 1507 775 1528 an

99 1543 278 1583 gerechnet
301 1552 341 1573 zu
358 1542 439 1581 sein,
460 1543 601 1574 sondern
622 1553 686 1573 von
706 1542 777 1573 dem

100 1588 222 1619 vox-her
236 1587 472 1619 bezeichneten
486 1587 696 1629 Zeitpuukte,
710 1588 776 1628 vgl.

100 1634 153 1673 30,
180 1634 234 1673 37,
261 1634 298 1665 9:
329 1642 437 1666 novem
468 1644 627 1665 armorum
651 1645 671 1664 a
693 1635 780 1664 vobis

93 1679 265 1719 profectus
284 1685 355 1718 post
376 1685 496 1711 sextum
529 1686 556 1710 et
584 1680 778 1710 tricesimum

98 1735 222 1756 ameum
238 1725 330 1763 redii,
349 1723 501 1765 obgleich
526 1734 562 1756 er
585 1724 656 1755 sich
675 1724 776 1755 sehon

101 1771 154 1809 30,
182 1771 236 1809 30,
266 1770 306 1802 10
340 1781 434 1801 senex
458 1773 569 1801 neunt.
604 1787 648 1792 ——
672 1775 778 1801 extor-

99 1826 165 1847 rem
207 1815 292 1846 nach
330 1818 450 1854 expulit
492 1815 556 1846 wie
591 1819 684 1846 sonst
721 1815 779 1846 das

99 1859 223 1891 Pax-tic.
249 1863 316 1900 cepi
333 1878 377 1883 —
393 1868 527 1901 captum.
550 1878 590 1883 —
612 1863 670 1893 hoc
690 1863 777 1901 duce,

100 1905 174 1937 eine
210 1905 408 1938 auffallende
444 1905 727 1946 Personificati0n‚
753 1917 778 1937 s.

102 1951 133 1991 2,
160 1953 192 1990 4,
212 1952 242 1990 3,
260 1950 294 1982 in
320 1952 429 1992 Bezug
453 1950 512 1983 auf
535 1951 586 1983 die
612 1951 679 1982 wol
696 1951 780 1982 auch

101 1995 204 2027 sehon
223 1997 282 2028 sub
301 1998 357 2028 hoc
378 2015 421 2019 —
441 2000 560 2037 expulit
584 2014 628 2019 —-—
647 1999 781 2029 adduxit

102 2045 219 2082 gesagt
245 2041 299 2082 ist,
330 2042 399 2083 vgl.
424 2053 466 2074 zu
497 2044 550 2083 23,
589 2044 642 2081 37,
679 2044 708 2075 5.
735 2061 780 2065 --

102 2088 218 2127 sciam,
265 2086 416 2128 erfahre,
469 2098 496 2120 c.
535 2088 595 2128 38,
640 2089 691 2121 14.
735 2105 780 2110 —

102 2134 272 2172 inveniam,
311 2132 364 2164 dje
409 2133 520 2165 hdseh.
559 2132 694 2165 Lesart:
727 2133 780 2165 ich

103 2177 217 2209 werde
242 2177 324 2209 dazu
350 2177 524 2220 gelangen,
552 2178 711 2218 kommen,
745 2189 780 2210 es

103 2220 278 2263 auffindeu,
315 2224 417 2255 sehon
453 2224 486 2255 in
510 2225 618 2265 Bezug
640 2222 700 2256 auf
721 2224 779 2256 das

104 2266 183 2308 folg.
209 2279 363 2309 quaerens
380 2273 506 2310 gesagt,
533 2280 558 2302 s.
585 2270 639 2311 30,
665 2272 718 2310 42,
739 2272 776 2302 7:

103 2314 217 2345 bellum
258 2324 410 2354 quaerere
442 2326 569 2356 reyem,·
598 2317 782 2355 propediem

101 2361 323 2399 inventurum;
350 2359 390 2391 ad
416 2359 556 2392 Hereuu.
586 2363 617 2401 4,
645 2361 698 2402 36,
720 2362 782 2394 48:

103 2406 180 2435 dum
210 2407 335 2437 vitastis
360 2407 622 2445 vituperationem
647 2424 690 2429 —
715 2418 781 2438 eam

104 2451 291 2490 inveni-etim
320 2449 409 2482 Flor.
446 2453 474 2491 1,
508 2453 551 2485 24
583 2452 629 2493 (2,
665 2454 707 2493 8),
742 2454 780 2485 5:

104 2495 272 2528 Hannibal
293 2513 337 2518 -—
360 2497 476 2528 hostem
492 2499 613 2537 populo
647 2499 688 2531 B.
720 2503 781 2530 toto

105 2541 177 2572 orbe
198 2542 385 2581 quaerebam·
410 2542 477 2582 vgl.
506 2541 542 2574 L.
561 2543 582 2575 1.
602 2543 657 2584 53,
684 2544 716 2576 9.
736 2559 779 2565 --

608 1026 689 1051 non
720 1014 840 1052 movit
872 1014 988 1051 modo
1014 1013 1095 1052 talis
1124 1014 1244 1051 oratio
1278 1026 1421 1063 regem,
1453 1014 1520 1052 sed
1541 1019 1559 1049 7

790 1082 835 1108 ex
868 1069 1028 1109 consilio
1062 1070 1112 1108 ila
1143 1070 1359 1108 discessum
1384 1076 1450 1116 est,
1480 1077 1523 1108 ut

845 1227 981 1265 aliquos.
1009 1225 1209 1266 wenigstens
1240 1226 1332 1257 einen
1370 1227 1434 1257 und
1462 1227 1521 1258 den

847 1271 1002 1310 anderen,
1029 1270 1158 1302 scheint
1183 1272 1276 1302 mehr
1300 1282 1340 1302 zu
1364 1274 1524 1303 inveniam

846 1316 895 1347 als
929 1327 969 1347 zu
1000 1327 1166 1357 quaerens,
1201 1317 1241 1347 da
1274 1317 1309 1347 11.
1336 1317 1402 1347 wol
1436 1317 1523 1348 viele

845 1362 971 1401 suchte,
998 1372 1038 1392 zu
1064 1371 1190 1402 passen.

893 1453 992 1483 5—7.
1028 1462 1102 1482 meze
1132 1453 1234 1489 crim„
1262 1450 1523 1491 Beschuldigun-

847 1506 909 1537 gen
927 1506 1031 1537 gegeu
1056 1496 1152 1535 mich,
1172 1496 1238 1527 Cic.
1266 1496 1355 1527 Cael.
1385 1498 1435 1536 12,
1462 1498 1523 1529 29:

846 1553 915 1573 cam
953 1554 980 1573 τε
1013 1553 1077 1573 non
1113 1553 1169 1573 suo
1194 1544 1325 1573 crimme
1353 1559 1398 1563 —
1425 1544 1465 1573 sic
1490 1544 1524 1574 in

847 1589 956 1618 odeum
991 1593 1126 1619 vocatus.
1169 1605 1212 1609 —
1261 1598 1352 1619 εγω
1393 1598 1431 1618 ex
1465 1598 1523 1627 me,

849 1632 913 1673 vgl.
941 1634 968 1671 1,
991 1634 1045 1671 46,
1067 1633 1105 1671 23
1126 1633 1180 1669 27,
1201 1634 1254 1671 35,
1275 1633 1312 1671 83
1328 1634 1382 1672 29,
1398 1633 1453 1672 37,
1474 1635 1523 1666 17.

847 1695 890 1700 --
916 1680 978 1712 odi,
1007 1678 1091 1708 dazu
1122 1677 1165 1708 ist
1192 1680 1352 1710 Romanos
1373 1688 1430 1709 aus
1458 1680 1525 1710 Ro-

848 1726 952 1755 manis
970 1733 1009 1754 zu
1027 1723 1165 1763 denkeu,
1184 1734 1208 1754 s.
1224 1734 1249 1754 c.
1271 1724 1324 1760 30,
1345 1725 1383 1763 43
1399 1724 1452 1763 26,
1469 1725 1522 1758 27.

853 1771 901 1801 12.
949 1786 995 1791 --
1044 1771 1114 1799 odio
1162 1780 1231 1800 sum
1281 1768 1420 1800 vertritt
1467 1769 1525 1800 das

848 1813 967 1845 Passiv
1001 1824 1064 1844 von
1099 1816 1163 1854 odi,
1202 1813 1267 1846 Cic.
1302 1813 1385 1845 Phil.
1415 1815 1443 1854 1,
1474 1815 1524 1854 14,

849 1860 902 1892 33.
921 1877 966 1882 —
990 1861 1146 1900 Hannib„
1169 1861 1223 1899 30,
1245 1861 1298 1900 30,
1326 1861 1379 1893 29.
1398 1876 1443 1881 —
1457 1871 1526 1891 cum

848 1905 942 1946 giebt
964 1905 1124 1936 zuniichst
1150 1905 1202 1936 die
1221 1904 1296 1936 Zeit
1317 1915 1369 1944 an,
1397 1905 1526 1937 enthiilt

849 1951 940 1990 aber,
965 1953 996 1982 si
1019 1950 1267 1992 entsprechend‚
1296 1950 1449 1991 zugleich
1473 1950 1525 1982 die

850 1996 1049 2036 Bedingung,
1079 1996 1145 2036 vgl.
1179 1998 1211 2036 6,
1244 1998 1298 2035 41,
1325 1997 1363 2035 3;
1390 1997 1444 2035 34,
1471 1997 1526 2035 31,

852 2042 903 2081 13,
929 2052 970 2072 zu
1003 2043 1056 2082 32,
1089 2043 1120 2081 9,
1158 2043 1207 2074 10.
1239 2059 1282 2063 -
1306 2043 1415 2080 alium,
1442 2041 1526 2073 wel-

849 2087 926 2118 ches
939 2086 1032 2118 nicht
1052 2087 1216 2118 durehaus
1238 2086 1453 2127 nothwendig
1470 2086 1525 2125 ist,

849 2133 909 2164 hat
943 2142 1005 2163 nur
1036 2132 1087 2164 die
1121 2131 1182 2163 Mz.
1217 2132 1281 2172 Hs„
1311 2131 1377 2163 Cic.
1412 2131 1467 2163 Or.
1493 2134 1525 2171 9,

851 2179 912 2211 32:
945 2184 1056 2210 nactus
1087 2189 1156 2209 sum
1187 2180 1302 2217 eciam,
1339 2180 1399 2219 qui
1421 2179 1528 2210 Xeno-

844 2225 976 2263 phontis
1003 2225 1136 2286 similem
1160 2234 1191 2255 se
1214 2234 1277 2255 esse
1301 2229 1436 2263 cuper-,et
1467 2233 1527 2255 an-

848 2269 922 2300 ders
955 2267 1072 2310 Polyb.
1085 2266 1220 2302 εέπὰν
1253 2268 1295 2301 δὲ
1319 2286 1363 2291 ——
1397 2269 1527 2322 φιλιαν

853 2293 1092 2355 omrfflnrcn·
1113 2312 1205 2360 πρὸς
1248 2311 1393 2354 αὐτοὺς,
1444 2311 1526 2348 τότε

850 2357 901 2405 αὴ
935 2358 1179 2404 προσδεῖσθαι
1220 2358 1404 2412 διαβολῆς,
1449 2355 1525 2392 ἀλλ’

850 2402 1017 2438 ἀπιστεῖν
1041 2405 1101 2437 καὶ
1133 2402 1398 2450 φυλάττεσθαι.
1423 2421 1468 2428 ν·-
1491 2417 1528 2437 ear

848 2461 931 2483 cons
959 2451 1040 2490 geht
1065 2448 1125 2482 auf
1145 2461 1174 2485 e.
1195 2451 1235 2484 18
1256 2450 1389 2483 zuriick.
1409 2467 1454 2473 —
1472 2453 1526 2491 2⁸,ea

848 2506 885 2528 so
910 2495 1086 2537 gestimmt‚
1113 2495 1146 2527 in
1181 2496 1240 2528 der
1274 2495 1424 2536 Absicht,
1451 2496 1526 2528 dass

851 2559 894 2564 —
915 2540 1024 2574 sollte.
