1747 2841
152 41 237 84 392
717 40 968 74 PERIOCHAE.

622 142 690 174 Ex
718 142 871 174 LIBRO
898 141 1111 175 XXXVII.

247 222 284 256 1..
303 222 476 254 Cornelius
497 222 605 264 Scipio
626 222 740 254 consul
757 222 869 264 legato
881 222 1033 265 Scipione
1048 221 1206 254 Africano
1220 221 1335 263 fratre,
1357 223 1410 265 qui
1427 233 1462 255 se
1484 223 1591 265 lega-¹

154 273 223 300 tum
248 267 364 300 fratris
390 267 535 300 futurum
560 267 704 309 dixerat,
737 268 766 299 si
799 268 829 300 ei
855 267 998 300 Graecia
1029 268 1200 310 provincia
1233 268 1477 308 decerneretur,
1507 279 1579 302 cum

156 314 189 346 C.
208 313 334 354 Laelio,
353 313 407 356 qui
423 315 560 346 multum
586 313 619 345 in
643 317 761 346 senatu
778 318 920 356 poterat,
948 324 987 346 ea
1008 313 1182 356 provincia
1206 314 1279 346 dari
1297 314 1480 355 videretur,
1501 325 1579 357 pro·
1624 320 1629 324 ⁴

153 358 261 392 fectus
278 360 318 391 ad
335 359 456 391 bellum
475 360 633 392 adversus
654 359 852 391 Antiochum
876 369 988 401 regem
1005 360 1192 401 gerendum,
1217 359 1340 402 primus
1355 360 1496 393 omnium
1512 360 1580 393 Ro-

154 415 324 437 manorum
348 405 464 437 ducum
483 405 516 436 in
539 405 651 437 Asiam
680 405 823 437 traiecit.
863 404 1014 446 Regillus
1032 405 1192 437 adversus
1212 405 1337 447 regiam
1351 406 1490 438 classem
1508 406 1580 438 An-

153 451 259 483 tiochi
279 450 424 483 feliciter
448 451 609 493 pugnavit
633 451 674 482 ad
692 450 908 494 Myonnesum
924 450 1062 483 Rhodiis
1087 450 1291 483 iuvantibus.
1317 451 1403 484 filius
1430 450 1582 485 Africani

155 501 270 539 captus
295 497 336 528 ab
358 496 522 528 Antiocho
539 497 627 539 patri
643 496 798 528 remissus
817 501 878 529 est.
909 496 1000 528 victo
1022 496 1139 529 deinde
1156 496 1321 529 Antiocho
1341 498 1381 529 ab
1400 497 1436 529 L.
1454 496 1590 530 Corne—.

153 542 200 574 lio
217 541 370 585 Scipione
388 542 566 575 adiuvante
585 542 739 584 Eumene,
756 552 834 584 rege
853 541 1018 584 Pergami,
1036 542 1145 574 Attali
1171 542 1251 583 filio,
1276 553 1342 586 pax
1359 543 1439 575 data
1465 548 1516 576 est
1541 554 1580 576 ea

154 588 356 628 condicione,
383 593 419 620 ut
443 588 589 621 omnibus
614 588 793 631 provinciis
819 588 905 620 citra
928 588 1073 620 Taurum
1097 593 1241 620 montem
1258 589 1401 621 cederet.
1440 589 1475 621 L.
1496 589 1579 621 Cor-

154 633 260 666 nelius
280 633 403 676 Scipio,
422 634 476 676 qui
496 645 568 666 cum
588 633 754 666 Antiocho
771 634 1011 673 debellaverat,
1038 634 1230 675 cognomine
1256 633 1353 666 fratri
1377 640 1581 677 exaequatus
1597 634 1601 677 ¹,

153 679 321 712 Asiaticus
342 680 535 723 appellatus.
565 679 730 720 Eumenis,
760 691 822 722 quo
846 680 983 712 iuvante
1000 679 1184 712 Antiochus
1210 680 1320 712 victus
1340 685 1424 720 erat,
1445 690 1580 722 regnum
1597 697 1599 723 ς

153 725 353 768 ampliatum.
399 725 535 758 Rhodiis
560 736 695 768 quoque,
721 726 777 768 qui
801 730 835 758 et
858 726 922 768 ipsi
945 726 1111 767 iuverant,
1137 726 1297 768 maedam
1320 726 1476 759 civitates
1500 735 1599 759 con-³

154 781 275 804 cessae.
322 771 452 803 colonia
481 772 620 804 deducta
654 775 705 803 est
731 771 887 803 Bononia.
930 771 1089 803 Aemilius
1115 771 1276 813 Regillus,
1308 772 1362 814 qui
1393 770 1601 814 praefect0s1

154 817 311 849 Antiochi
328 817 443 850 navali
468 818 594 860 proelio
616 817 798 857 devicerat,
825 818 978 849 navalem
1003 817 1202 860 triumphum
1226 817 1329 851 duxit.
1371 816 1425 850 Μ’.
1452 818 1579 851 Acilius

154 862 292 896 Glabrio
310 863 349 896 de
367 863 542 904 Antiocho,
563 874 655 905 quem
674 862 817 895 Graecia
832 864 1018 905 expulerat,
1039 867 1072 895 et
1091 864 1129 895 de
1149 863 1278 895 Aetolis
1295 864 1522 906 triumphavit.

608 1056 678 1089 Ex
707 1036 1130 1094 Llssizoxxxvm.

246 1136 288 1169 M.
310 1136 449 1169 Fulvius
469 1137 582 1169 consul
607 1137 639 1168 in
657 1136 757 1179 Epiro
784 1137 1034 1169 Ambracienses
1061 1137 1211 1169 obsessos
1238 1138 1271 1168 in
1298 1137 1498 1169 deditionem
1523 1148 1580 1169 ac—

152 1183 252 1226 cepit,
274 1182 521 1226 Cephallaniam
545 1183 686 1224 subegit,
708 1182 837 1214 Aetolis
861 1183 1054 1225 perdomitis
1078 1193 1191 1225 pacem
1219 1182 1319 1215 dedit.
1363 1182 1420 1216 Cu.
1438 1182 1581 1215 Manlius

153 1229 278 1271 consul,
297 1224 427 1270 collega
446 1229 529 1271 eius,
547 1227 785 1270 Gallograecos
804 1228 1059 1270 Tolostobogios
1079 1232 1113 1260 et
1131 1228 1334 1270 Tectosagos
1358 1234 1393 1261 et
1409 1227 1580 1273 Trocmos,
1605 1226 1613 1257 :²

153 1275 208 1318 qui
227 1275 355 1307 Brenno
381 1275 460 1306 duce
485 1274 518 1306 in
535 1274 649 1306 Asiam
665 1274 882 1315 transierant,
908 1285 980 1306 cum
1003 1274 1067 1307 soli
1092 1274 1176 1306 citra
1195 1274 1338 1307 Taurum
1355 1279 1498 1306 montem
1517 1285 1581 1306 uon

153 1325 324 1365 parerent,
341 1321 436 1352 vicit.
466 1331 578 1352 eorum
597 1320 702 1362 origo,
723 1324 757 1352 et
774 1331 835 1363 quo
852 1322 948 1352 modo
973 1331 1012 1353 ea
1037 1320 1122 1361 loca,
1143 1331 1226 1362 quae
1251 1324 1377 1361 tenent,
1397 1330 1581 1363 occupave-

152 1366 231 1407 rint,
252 1364 455 1398 reI'eruntur.
470 1366 655 1409 exemplum
669 1376 794 1408 quoque
813 1366 948 1398 virtutis
974 1370 1008 1399 et
1020 1365 1199 1408 pudicitiae
1224 1366 1257 1397 in
1278 1365 1400 1398 femina
1423 1366 1579 1398 traditur.

153 1422 236 1455 quae
260 1422 332 1444 cum
361 1412 449 1454 regis
473 1411 767 1453 Gallograecorum
798 1423 884 1444 uxor
912 1411 1040 1454 fuisset,
1079 1416 1177 1454 capta
1207 1411 1444 1453 centurionem,
1470 1412 1526 1454 qui
1551 1413 1582 1444 ei

153 1459 222 1490 vim
240 1457 414 1501 intulerat,
435 1458 564 1490 occidit.
608 1458 749 1490 lustrum
772 1468 792 1490 a
809 1458 999 1491 censoribus
1019 1457 1186 1489 conditum
1211 1461 1282 1490 est:
1310 1468 1409 1490 censa
1428 1462 1506 1490 sunt
1531 1459 1580 1490 ci-

153 1515 244 1547 vium
269 1515 380 1558 capita
406 1515 563 1548 CCLVIII
590 1514 713 1547 CCCX.
757 1525 830 1547 cum
861 1515 1041 1547 Ariarathe
1069 1514 1298 1557 Cappadociae
1326 1524 1404 1556 rege
1431 1514 1581 1547 amicitia

152 1561 267 1593 iuncta
286 1565 348 1594 est.
383 1560 440 1593 Cn.
462 1561 604 1593 Manlius
626 1561 929 1593 contradicentibus
948 1561 1059 1593 decem
1079 1560 1213 1602 legatis,
1232 1571 1275 1594 ex
1292 1571 1428 1604 quorum
1445 1560 1582 1593 consilio

152 1606 268 1639 foedus
288 1617 362 1639 cum
381 1607 545 1639 Antiocho
567 1607 820 1649 conscripserat,
847 1608 887 1639 de
913 1606 1141 1648 Gallograecis
1172 1611 1248 1639 acta
1275 1617 1334 1650 pro
1359 1617 1394 1639 se
1422 1616 1522 1638 causa
1550 1606 1584 1638 in

153 1657 271 1685 senatu
288 1653 518 1695 triumphavit.
546 1653 655 1696 Scipio
676 1652 852 1685 Africanus
870 1653 922 1685 die
940 1653 972 1685 ei
989 1653 1090 1691 dicta,
1114 1656 1151 1684 ut
1168 1653 1299 1694 quidam
1321 1653 1467 1693 tradunt,
1495 1662 1515 1684 a
1541 1651 1580 1694 Q.

154 1698 290 1731 Petillio
303 1699 435 1731 tribuno
456 1699 572 1741 plebis,
593 1703 631 1731 ut
651 1699 791 1742 quidam,
810 1709 829 1731 a
846 1698 987 1740 Naevio,
1004 1699 1089 1741 quod
1105 1699 1229 1741 praeda
1248 1709 1291 1731 ex
1303 1698 1467 1730 Antiocho
1486 1702 1584 1740 capta

154 1744 321 1777 aerarium
338 1743 537 1787 fraudasset,
552 1749 765 1788 posteaquam
777 1744 806 1777 is
826 1745 896 1777 dies
915 1745 1017 1786 venit,
1039 1748 1200 1777 evocatus
1221 1744 1255 1776 in
1272 1748 1384 1776 rostra
1401 1745 1488 1784 „hac
1505 1743 1582 1776 diff<

155 1790 274 1833 inquit,
303 1790 489 1832 „Quirites,
522 1790 756 1832 Carthaginem
786 1790 888 1831 vici,“
924 1795 957 1823 et
982 1794 1200 1833 prosequente
1236 1790 1356 1833 populo
1384 1789 1583 1833 Capitolium

155 1837 312 1870 escendit.
338 1836 423 1878 inde,
440 1847 478 1869 ne
496 1837 636 1879 amplius
656 1836 843 1868 tribuniciis
861 1836 991 1868 iniuriis
1009 1840 1202 1876 vexaretur,
1216 1836 1250 1868 in
1267 1835 1488 1868 voluntarium
1508 1835 1583 1868 exi-

155 1881 234 1914 lium
250 1885 423 1915 Liternum
442 1883 615 1915 concessit.
649 1883 820 1923 incertum,
853 1882 900 1914 ibi
924 1892 965 1914 an
985 1881 1108 1914 Romae
1125 1880 1300 1914 defunctus
1331 1881 1392 1913 sit:
1412 1892 1488 1914 uam
1511 1891 1582 1913 mo-

157 1932 345 1960 numentum
362 1928 432 1960 eius
449 1928 625 1971 utrobique
643 1928 717 1960 fuit.
757 1928 794 1961 L.
823 1928 932 1971 Scipio
950 1927 1129 1968 Asiaticus,
1153 1926 1260 1960 frater
1278 1926 1440 1968 Africani,
1470 1927 1584 1960 eodem

154 1974 292 2006 crimine
312 1974 482 2016 peculatus
501 1978 674 2007 accusatus
692 1974 927 2016 damnatusque
945 1984 1016 2005 cum
1041 1973 1074 2005 in
1091 1972 1225 2005 vincula
1250 1979 1283 2006 et
1300 1983 1466 2006 carcerem
1483 1973 1584 2005 duce-

156 2023 259 2060 retur,
288 2019 362 2054 Tib.
380 2019 590 2063 Sempronius
620 2019 788 2052 Gracchus
826 2020 976 2052 tribunus
1010 2019 1127 2062 plebis,
1163 2020 1218 2061 qui
1251 2024 1351 2052 antea
1377 2018 1584 2061 Scipionibus

156 2064 307 2097 inimicus
332 2070 417 2107 erat,
446 2066 634 2098 intercessit
657 2070 692 2098 et
721 2066 760 2097 ob
786 2066 820 2098 id
843 2065 1035 2098 beneficium
1052 2063 1205 2097 Africani
1233 2066 1335 2097 filiam
1360 2065 1464 2097 duxit.
1512 2075 1585 2096 cum

157 2115 348 2153 quaestores
374 2111 408 2143 in
434 2112 519 2143 bona
543 2112 611 2144 eius
641 2111 770 2155 publice
787 2111 983 2154 possidenda
1010 2110 1101 2143 missi
1118 2115 1239 2152 essent,
1263 2122 1327 2143 non
1350 2111 1444 2143 modo
1471 2110 1506 2142 in
1533 2110 1584 2142 his

154 2156 257 2188 ullum
277 2157 454 2199 vestigium
474 2158 630 2200 pecuniae
648 2158 761 2200 regiae
775 2157 938 2201 apparuit,
961 2157 1019 2189 sed
1035 2167 1237 2199 nequaquam
1255 2161 1384 2189 tantum
1401 2157 1582 2196 redactum,

158 2206 300 2244 quantae
317 2213 461 2236 summae
486 2208 559 2236 erat
583 2205 764 2236 damnatus.
808 2203 973 2235 conlatam
990 2213 1010 2234 a
1034 2203 1186 2244 cognatis
1215 2207 1250 2235 et
1263 2203 1377 2235 amicis
1394 2203 1583 2234 innumera-

158 2247 257 2280 bilem
285 2249 456 2291 pecuniam
482 2250 632 2292 accipere
660 2250 785 2292 noluit3
811 2259 892 2291 quae
917 2248 1103 2281 necessaria
1129 2250 1160 2281 ei
1194 2253 1291 2281 erant
1316 2249 1357 2281 ad
1381 2248 1504 2280 cultum
1529 2257 1585 2280 re-

157 2293 298 2336 dempta.
