1747 2841
30 161 33 163 ’
93 161 118 180 ι.
139 151 188 180 ch.
209 153 266 179 189.

513 150 636 183 LIBER
649 149 842 184 XXXVIII.
870 150 960 183 CAP.
976 152 1028 184 21.
1042 151 1094 184 22.
1429 151 1512 193 307

95 257 228 308 plena,
258 262 299 295 ut
332 255 396 294 ubi
428 255 593 294 feminae
626 254 817 306 puerique
851 260 887 293 et
907 254 976 292 alia
999 252 1160 291 imbellis
1193 252 1303 291 turba
1323 253 1510 304 permixta

95 319 206 353 esset.
245 313 442 352 Romanos
463 311 626 350 victores
648 311 787 350 deserti
809 312 897 362 fuga
919 309 1090 348 hostium
1110 316 1342 360 acceperunt
1361 311 1508 349 tumuli.
1534 320 1572 352 15

95 370 175 409 Sub
205 369 307 408 idem
336 374 491 419 tempus
520 367 562 406 L.
588 368 750 407 Manlius
778 374 815 406 et
835 367 875 406 C.
897 366 1075 412 Helvius,
1102 378 1216 414 cum,
1249 366 1375 417 quoad
1408 367 1506 405 viani
1528 370 1586 412 22

94 426 211 465 colles
233 424 377 475 obliqui
401 424 603 470 dederunt,
632 423 906 469 escendissent,
925 428 1130 474 postquam
1152 423 1198 461 ad
1221 423 1322 461 invia
1345 428 1504 461 ventum

94 489 163 530 est,
188 482 330 521 flexere
348 481 420 520 iter
441 481 479 519 in
497 487 644 532 partem
670 481 823 527 montis,
843 492 941 530 quae
964 491 1039 518 una
1061 478 1222 518 habebat
1244 480 1326 525 iter,
1346 486 1383 518 et
1396 479 1505 530 sequi
1525 490 1545 522 2

94 538 264 578 consulis
303 550 440 589 agmen
475 537 627 576 modico
660 544 821 588 uterque
850 536 1047 575 intervallo
1079 536 1183 574 velut
1213 548 1258 574 ex
1289 536 1504 587 composito

93 601 329 646 coeperunt,
360 594 463 645 quod
494 594 620 645 primo
643 594 832 644 optimum
855 595 954 632 sactu
978 593 1134 633 fuisset,
1164 592 1203 630 in
1224 593 1261 630 id
1282 593 1506 631 necessitate

91 652 174 702 ipsa
197 650 408 702 compulsi:
430 650 598 690 subsidia
619 651 722 689 enim
742 651 781 688 in
804 650 940 689 talibus
957 648 1407 699 iniquitatibuslocorum
1421 661 1504 687 ma-
1525 664 1545 696 3

93 708 196 747 ximo
228 719 340 758 saepe
371 708 459 746 usui
489 710 667 753 suerunt,
696 713 737 745 ut
768 707 902 757 primis
934 707 1032 744 forte
1055 704 1264 744 deturbatis
1288 705 1449 744 secundi
1470 713 1507 744 et

91 770 220 815 tegant
239 765 371 814 pulsos
393 771 428 803 et
448 764 583 814 integri
605 775 772 814 pugnam
794 763 994 813 excipiant.
1044 761 1200 807 consul,
1232 769 1438 812 postquam
1459 762 1504 800 ad
1524 779 1545 810 4

93 821 264 860 tumulos
293 820 338 859 ab
359 821 431 859 levi
453 827 645 859 armatura
668 825 797 870 captos
820 819 944 870 prima
968 819 1074 870 signa
1094 818 1291 869 legionum
1313 830 1504 868 pervene-

93 884 197 923 runt,
229 877 419 928 respirare
448 882 484 915 et
507 877 782 927 conquiescere
817 876 1011 926 paulisper
1042 874 1199 913 militem
1234 875 1359 921 iubet3
1392 875 1506 913 simul

94 940 208 973 strata
239 946 308 984 per
331 934 501 972 tumulos
523 944 686 983 corpora
707 932 904 971 Gallorum
926 937 1099 977 ostentat,
1126 938 1173 977 et,
1204 943 1294 969 cum
1327 931 1419 969 levis
1441 944 1503 969 ar-
1525 944 1544 974 5

93 997 241 1030 matura
263 990 453 1043 proelium
475 990 545 1028 tale
565 989 744 1032 ediderit
773 988 864 1038 quid
886 988 931 1026 ab
953 987 1190 1037 legionibus
1220 988 1311 1038 quid
1332 987 1378 1026 ab
1397 988 1508 1026 iustis

93 1047 231 1090 armis,
262 1046 354 1097 quid
387 1046 433 1085 ab
462 1047 600 1084 animis
624 1045 924 1083 fortissimorum
949 1044 1112 1083 militum
1135 1042 1356 1095 expectari?
1387 1050 1508 1082 castra

92 1103 163 1142 illis
188 1103 370 1154 capienda
391 1114 487 1143 esse
517 1103 556 1140 in
579 1114 677 1152 quae
701 1102 927 1152 compulsus
948 1101 994 1139 ab
1007 1102 1078 1139 levi
1091 1113 1132 1139 '11
1137 1107 1283 1139 matura
1296 1101 1416 1139 hosns
1427 1107 1507 1139 tre-

92 1160 206 1210 pidet.
249 1159 477 1210 praecedere
501 1165 626 1197 tamen
650 1158 756 1197 iubet
774 1158 898 1197 levem
918 1164 1163 1199 armaturam,
1187 1169 1295 1208 quae,
1317 1169 1407 1196 cum
1430 1163 1507 1196 sta—
1527 1171 1546 1203 6

91 1312 127 1338 ut
162 1305 226 1336 wie
265 1314 326 1335 vor
357 1307 424 1345 qui,
455 1314 479 1334 s.
513 1304 534 1345 ξ
567 1306 605 1341 ὃς
633 1305 663 1343 9,
698 1304 765 1344 vgl.

91 1354 207 1392 quippe
237 1352 292 1382 ubi
327 1351 380 1390 26,
409 1350 462 1389 48,
506 1351 556 1382 11.
583 1366 625 1371 -—
653 1360 765 1389 accep,

94 1397 160 1438 vgl.
182 1397 235 1433 29,
261 1396 314 1436 32,
342 1397 379 1429 8:
406 1397 509 1426 cmmis
526 1396 690 1436 fuyientis
711 1406 764 1426 ac-

92 1445 192 1482 cepz‘t;
225 1443 279 1481 28,
317 1441 347 1481 6,
385 1443 421 1474 11
451 1452 480 1472 u.
516 1450 543 1471 a.
574 1458 611 1463 —
639 1443 765 1480 tumuli,

94 1498 118 1519 c.
148 1489 201 1527 20,
228 1490 258 1520 4.

139 1575 208 1614 22.
240 1580 302 1610 1-
305 1579 334 1609 3.
360 1589 439 1617 cum,
464 1579 766 1618 quoad—postes,

93 1624 159 1665 vgl.
198 1625 252 1663 37,
284 1625 338 1663 45,
376 1624 434 1665 133
473 1625 526 1664 40,
561 1623 614 1661 33,
658 1625 697 1665 43
737 1625 767 1662 8,

92 1670 147 1710 27,
187 1670 206 1702 2
246 1679 276 1700 u.
317 1678 346 1700 a
388 1686 432 1691 —
477 1671 566 1700 colles
609 1670 678 1706 obl„
719 1667 767 1699 als

93 1715 214 1755 schr'fig
244 1713 296 1746 die
318 1713 423 1755 Hiigel
447 1713 664 1755 binauzogen
692 1724 716 1745 s.
741 1724 766 1744 c

94 1762 147 1801 20,
189 1761 286 1793 7-9.
319 1777 362 1782 -—
395 1761 547 1792 dederunt
581 1778 625 1782 -—
650 1761 771 1800 flexere

92 1825 136 1829 —
163 1816 256 1845 coep„
284 1805 352 1846 vgl.
384 1807 435 1844 10,
460 1807 514 1844 25,
544 1807 573 1838 5.
599 1823 641 1827 —
667 1807 766 1844 invia,

94 1862 120 1883 c.
154 1853 209 1892 20,
246 1852 275 1884 8.
302 1869 346 1873 —
375 1854 408 1882 in
434 1857 532 1890 part„
565 1861 639 1882 man
670 1850 768 1882 sollte

93 1901 129 1929 in
162 1908 228 1929 eam
255 1908 301 1937 μ,
338 1896 484 1937 dagegen
522 1899 590 1935 iter,
625 1896 770 1928 welches

94 1942 252 1984 sogleich‚
289 1951 384 1973 wenn
427 1943 510 1973 auch
551 1942 584 1973 in
630 1942 771 1973 anderer

96 1988 296 2029 Bedeutung‚
322 1987 446 2019 wieder
474 1986 570 2029 solgt,
598 1987 688 2018 nicht
716 1997 770 2018 er-

95 2038 236 2065 warten.
261 2051 304 2056 —
329 2044 409 2074 quae
432 2044 508 2074 um,
536 2033 587 2065 die
612 2043 639 2064 c.
669 2034 722 2072 20,
751 2034 770 2066 5

96 2080 289 2112 erw'dhnten
312 2081 379 2111 tria
401 2081 518 2111 itinera
543 2077 686 2119 ffihrten,
706 2078 771 2110 wie

97 2135 131 2158 es
157 2124 298 2163 scheiut,
333 2124 423 2155 nicht
455 2125 520 2156 alle
554 2124 605 2156 bis
631 2122 691 2155 auf
718 2124 769 2155 die

95 2170 197 2211 Ho'he,
223 2170 361 2202 sondern
388 2180 449 2201 nur
473 2170 531 2202 der
562 2180 627 2201 von
652 2169 769 2201 Siiden.

95 2235 140 2239 —
163 2219 244 2248 velut
271 2227 296 2248 e.
323 2227 348 2248 c.
384 2215 515 2247 bezieht
547 2215 617 2247 sich
643 2214 770 2256 darauf,

97 2262 172 2294 dass
198 2261 245 2293 sie
271 2263 391 2293 modico
411 2263 578 2293 intervallo
603 2260 770 2300 kommen,

98 2308 173 2340 dass
216 2307 265 2339 sie
304 2316 340 2338 so
385 2307 490 2347 gehen
527 2306 658 2345 sollten,
700 2316 772 2337 war

97 2353 196 2385 ihnen
212 2350 383 2384 ‘hefohlem
408 2370 452 2375 —
476 2354 562 2393 quod
573 2354 677 2391 primo
695 2356 770 2391 etc„

97 2397 374 2430 wahrscheinlich
415 2398 508 2429 hatte
551 2396 668 2439 Polyb.
711 2397 771 2429 den

97 2442 201 2476 Tadel
227 2443 500 2485 ausgesprochen,
533 2442 597 2475 wie
629 2443 682 2483 31,
717 2444 770 2482 38,

102 2491 130 2530 1,
166 2489 233 2531 vgl.
259 2491 322 2529 38,
349 2490 411 2529 46,
443 2489 472 2521 3.
500 2506 545 2511 -—
570 2495 628 2527 opt.
668 2488 772 2527 factu,

98 2534 191 2567 Caes.
217 2535 250 2566 Β.
277 2533 314 2566 G.
353 2537 385 2575 4,
419 2535 479 2567 30:
513 2537 663 2573 optimum
678 2534 774 2574 factu

98 2592 162 2614 esse
185 2582 367 2620 duxerunc5
400 2578 466 2611 Cic.
494 2579 563 2611 Att.
600 2582 629 2619 7,
655 2580 708 2620 22,
735 2581 773 2622 23

837 1303 892 1334 Or.
919 1307 1004 1345 part.
1034 1304 1088 1344 26,
1119 1302 1172 1341 942,
1203 1313 1232 1333 u.
1259 1311 1307 1343 εις
1340 1303 1398 1334 ‹ler
1431 1301 1510 1333 Satz

835 1348 880 1380 ist
906 1349 955 1380 als
983 1348 1119 1389 bedingt
1144 1347 1377 1388 ausgedriickt,
1403 1358 1427 1380 s.
1455 1349 1509 1388 22,

835 1396 896 1433 61,
932 1397 969 1434 5,
1008 1404 1041 1426 es
1076 1394 1172 1424 htitte
1206 1394 1289 1424 auch
1321 1394 1397 1432 fecit
1432 1393 1511 1424 oder

826 1441 943 1481 suerat
973 1439 1101 1471 heissen
1135 1438 1274 1478 konnen,
1308 1449 1332 1470 s.
1366 1440 1419 1479 30,
1455 1439 1509 1479 30,

835 1487 872 1518 6:
897 1488 1050 1524 optimum
1065 1486 1191 1526 fuerat.
1214 1502 1256 1506 —
1283 1486 1421 1525 iniquit„
1441 1484 1508 1525 vgl.

836 1532 889 1569 36,
915 1532 969 1570 24,
995 1533 1034 1570 43
1060 1532 1091 1569 4,
1117 1531 1148 1567 4,
1175 1531 1203 1562 6.
1225 1531 1420 1570 ἡῘῖιιεναφπ
1436 1530 1510 1561 sind

837 1576 969 1616 (bisher,
1003 1575 1053 1607 bis
1077 1575 1175 1616 jetzt)
1210 1585 1372 1616 gewesen,
1408 1575 1510 1606 daher

837 1622 879 1653 im
912 1620 1004 1662 Folg.
1041 1621 1091 1652 die
1125 1619 1311 1652 Pr'aseutia.
1344 1639 1387 1643 ,-
1413 1623 1509 1660 excip.

836 1667 900 1699 wie
927 1668 979 1706 30,
1009 1668 1059 1706 18,
1085 1668 1115 1700 9.

883 1715 981 1746 4—5.
1000 1715 1112 1752 prima
1128 1723 1161 1751 3.,
1178 1711 1230 1744 die
1243 1711 1413 1751 Hastaten,
1429 1709 1450 1752 ξ
1471 1712 1508 1744 9:

836 1760 1045 1800 antesiqnam'.
1063 1776 1106 1780 —
1126 1760 1250 1797 respir.,
1277 1759 1307 1797 2,
1332 1759 1385 1796 65,
1411 1760 1440 1791 5.
1466 1775 1509 1779 —

838 1810 978 1843 ostentae,
1003 1810 1040 1843 et,
1065 1803 1132 1844 vgl.
1159 1804 1210 1836 21.
1239 1804 1291 1842 35,
1319 1803 1355 1836 S:
1380 1804 1509 1834 Italiam

838 1856 977 1882 ostentat.
1026 1865 1068 1871 -—
1115 1851 1299 1889 moeniaque
1348 1859 1398 1880 eos
1443 1855 1509 1880 tum

837 1896 1056 1928 transcendere
1066 1908 1076 1934 ;
1113 1895 1166 1931 35,
1206 1895 1256 1931 12,
1295 1895 1351 1926 11:
1389 1894 1509 1933 refere-

837 1942 971 1981 bantur,
998 1947 1043 1979 et,
1077 1940 1130 1979 34,
1166 1941 1219 1979 62,
1257 1941 1314 1972 11:
1338 1941 1512 1980 arquebam

837 1993 883 2026 et,
909 1988 962 2026 31,
993 1987 1047 2026 30,
1073 1987 1114 2027 23
1139 1987 1194 2024 42,
1231 1986 1283 2023 38,
1319 1987 1355 2017 5:
1380 1985 1509 2025 eonfer-

837 2039 907 2064 rem
927 2039 956 2064 et
978 2050 1023 2054 —
1047 2033 1201 2066 deductos,
1241 2030 1306 2070 vgl.
1341 2031 1371 2069 6,
1406 2032 1438 2069 7,
1473 2031 1512 2062 3:

839 2081 873 2110 ἐπ
898 2089 1009 2119 equum
1037 2079 1150 2116 insilit,
1179 2082 1206 2108 et
1230 2093 1275 2098 ——-
1298 2086 1378 2116 quae
1407 2077 1512 2107 tristi-

839 2126 884 2156 tia
907 2126 980 2156 haec
1004 2130 1068 2161 est;
1098 2122 1177 2154 iiber
1202 2121 1260 2153 deu
1294 2119 1353 2152 Inf.
1387 2120 1420 2152 iu
1454 2121 1515 2152 der

838 2168 990 2202 indirect.
1018 2167 1137 2208 Frage,
1170 2167 1316 2198 welcher
1346 2165 1430 2206 hier,
1458 2176 1511 2197 wo

839 2218 914 2247 dicit
952 2214 1040 2245 nicht
1077 2213 1252 2244 besonders
1292 2212 1514 2253 ausgedriickt

841 2261 882 2292 ist
907 2260 971 2291 und
1005 2269 1066 2290 nur
1094 2258 1165 2290 eine
1198 2258 1410 2299 Behauptung
1434 2267 1511 2288 aus-

839 2306 1039 2348 gesprochen
1080 2304 1212 2336 werden
1254 2303 1335 2343 soll,
1372 2302 1516 2334 leichter

840 2351 974 2390 eiutrat,
1001 2360 1024 2382 s.
1052 2351 1106 2389 37,
1139 2351 1194 2389 26,
1231 2350 1280 2382 13.
1306 2366 1348 2370 -
1373 2352 1407 2380 in
1433 2359 1516 2389 quae

841 2397 959 2438 gehiirt
977 2406 1016 2427 zu
1036 2397 1228 2435 compulsus:
1256 2393 1366 2426 wollin
1387 2393 1512 2435 getrie-

841 2443 902 2474 ben
930 2459 972 2464 -—
999 2441 1032 2472 in
1063 2441 1171 2482 Angst
1203 2440 1268 2472 und
1298 2439 1515 2480 Verwirruug

842 2488 908 2528 sei3
948 2486 1102 2528 iibrigens
1144 2486 1187 2518 ist
1219 2488 1392 2525 compulsus
1430 2485 1515 2516 nach

842 2534 861 2573 ξ
886 2535 904 2566 7
931 2535 1158 2572 compelluntur
1180 2541 1339 2573 ungenau.

889 2580 986 2612 6-9.
1011 2589 1079 2610 cum
1110 2584 1197 2618 star„
1222 2588 1246 2608 s.
1273 2587 1299 2608 c.
1337 2578 1387 2617 10,
1414 2578 1445 2610 5.
1471 2593 1516 2599 —·

1237 2632 1306 2667 20*
