1747 2841
236 145 292 187 20

679 145 804 178 LIBER
829 146 977 178 XXXV.
1002 145 1094 181 (LAP.
1124 148 1175 180 12.

1515 153 1541 171 a.
1556 153 1583 171 u.
1601 145 1664 172 561.

198 251 218 284 8
237 249 534 300 Peloponneso,
557 260 775 299 numquam
800 247 1027 286 habiturum
1047 248 1290 299 reciperandi
1313 261 1382 287 sua
1403 248 1661 295 occasionem,

238 307 269 345 si
300 318 396 353 eam,
423 318 520 357 quae
547 311 632 344 tum
659 310 770 350 esset,
798 303 1139 355 praetermisisset,
1173 305 1232 354 [et]
1261 305 1413 343 nullum
1445 305 1659 344 exercitum

237 363 461 402 Romanum
486 362 524 400 in
552 362 708 401 Graecia
733 373 828 406 esse,
852 372 923 398 nec
946 361 1129 411 [propter]
1147 361 1342 412 Gytheum
1359 367 1424 400 aut
1446 361 1660 401 maritimos
1683 368 1688 372 ”

237 419 331 458 alios
354 419 526 457 Laconas
550 418 704 468 diguam
729 429 883 456 causam
905 417 1191 456 existimaturos
1211 418 1422 463 Romanos,
1447 429 1516 455 cnr
1536 418 1658 469 legio-

199 482 219 513 9
242 488 312 514 nes
343 488 480 514 rursus
508 475 546 513 in
577 474 773 513 Graeciam
803 474 1073 512 transmittant..
1116 474 1209 512 haec
1237 473 1282 512 ad
1307 473 1549 512 incitandum
1575 474 1662 513 ani-

239 544 349 570 mum
375 531 528 582 tyranni
551 531 790 576 dicebantur,
821 536 874 576 ut,
905 542 993 568 cum
1022 530 1237 568 Antiochus
1259 531 1299 568 in
1323 530 1520 569 Graeciam
1544 531 1661 577 traie-

240 589 364 633 cisset,
396 587 628 626 conscientia
655 587 812 625 violatae
835 598 903 636 per
931 587 1129 625 sociorum
1152 586 1312 625 iniurias
1334 587 1531 625 Romanae
1559 587 1658 626 ami-

180 653 220 684 10
240 645 347 684 citiae
371 645 624 694 coniungeret
644 656 683 682 se
708 655 798 681 cum
820 643 1023 681 Antiocho.
1052 649 1087 681 et
1108 643 1334 693 Philippum
1351 643 1543 682 Nicander
1559 643 1667 682 haud

240 701 414 740 dissimili
444 701 616 739 oratione
647 699 848 746 incitabat3
881 705 961 738 erat
986 700 1096 737 etiam
1128 699 1250 738 maior
1282 700 1467 738 orationis
1491 700 1659 746 materia,

240 770 318 808 quo
343 770 389 796 ex
413 757 544 795 altiore
566 757 714 807 fastigio
736 769 803 794 rex
826 768 942 806 quam
968 762 1157 807 tyrannus
1181 756 1374 794 detractus
1389 761 1479 802 erat,
1501 768 1660 807 quoque

181 823 219 854 11
244 815 376 864 plures
408 814 607 863 ademptae
638 825 711 851 res.
761 813 805 850 ad
837 813 912 850 hoc
944 818 1091 851 vetusta
1120 825 1257 863 regum
1286 813 1531 851 Macedoniae
1560 814 1662 852 fama

240 876 542 921 peragratusque
567 869 672 907 orbis
694 874 886 907 terrarum
907 869 1077 907 victoriis
1101 869 1182 907 eius
1205 869 1327 919 gentis
1343 869 1594 908 referebatur.
1626 874 1664 908 et

182 936 220 968 12
240 932 368 965 tutum
390 927 449 965 vel
470 927 623 976 incepto
650 926 709 963 vel
731 931 870 964 eventu
886 938 926 963 se
944 925 1150 963 consilium
1166 925 1340 964 adferre:
1362 937 1451 963 nam
1467 938 1606 976 neque,
1621 931 1663 964 ut

239 989 327 1022 ante
351 995 391 1021 se
418 990 571 1021 moveat
590 982 804 1032 Philippus,
836 994 952 1033 quam
975 982 1189 1020 Antiochus
1213 994 1301 1020 cum
1327 982 1497 1020 exercitu
1520 981 1662 1020 transi-

179 1047 219 1079 13
238 1040 325 1078 ierit
344 1040 383 1078 in
396 1040 607 1085 Graeciam,
631 1039 806 1085 suadere,
829 1045 875 1085 et,
898 1038 965 1089 qui
988 1039 1071 1076 sine
1092 1038 1283 1076 Antiocho
1305 1038 1491 1077 adversus
1515 1039 1662 1077 Roma-

239 1108 311 1135 nos
333 1096 569 1147 Aetolosque
590 1101 666 1134 tam
689 1095 754 1133 diu
777 1095 1003 1133 sustinuerit
1025 1095 1181 1141 bellum,
1204 1095 1238 1133 ei
1259 1095 1440 1133 adiuncto
1457 1095 1666 1141 Antiocho,

238 1266 277 1286 zu
305 1256 382 1291 suis,
408 1254 473 1285 wie
499 1255 552 1291 22,
586 1254 641 1292 35,
667 1254 704 1285 3:
729 1263 786 1282 sua
805 1263 915 1290 prope,

236 1301 376 1332 sondern
420 1310 460 1330 zu
509 1299 579 1330 den]
627 1307 754 1338 ganzeu
794 1297 920 1337 Begriff

238 1349 361 1385 indus„
381 1348 448 1377 suis
465 1355 563 1379 moen,
589 1353 614 1374 S.
640 1344 694 1382 27,
727 1344 777 1381 18,
805 1346 842 1383 33
861 1344 914 1382 29,

238 1392 292 1431 35,
319 1393 347 1424 7.
374 1408 408 1412 -
445 1401 540 1422 ocem.
559 1392 633 1427 etc,
661 1389 713 1427 38,
741 1389 795 1427 33,
822 1389 851 1419 9.
873 1405 915 1409 —-

237 1443 265 1469 et
297 1436 341 1468 ist
372 1436 440 1467 wo]
475 1445 532 1466 aus
552 1436 816 1473 praetermisisset
842 1437 916 1465 ent-

237 1482 388 1521 standen,
415 1481 455 1512 da
481 1491 515 1512 es
542 1480 655 1511 weder
688 1479 826 1521 passend
855 1488 915 1509 an—

238 1526 365 1569 kniipft,
391 1527 473 1558 noch
502 1524 562 1557 auf
581 1536 637 1556 nee
660 1524 806 1565 bezogen
830 1534 914 1556 wer-

239 1573 301 1605 den
334 1573 433 1611 kann,
467 1571 545 1603 weil
577 1577 605 1602 et
638 1573 745 1602 nullus
773 1588 812 1592 —
849 1581 912 1610 neo,

237 1628 334 1651 wenn
360 1618 443 1649 auch
467 1628 523 1649 nec
539 1619 624 1649 ulcus
644 1634 687 1638 -
705 1627 770 1655 nec,
800 1618 831 1655 4,
860 1617 912 1650 38,

240 1666 278 1706 3;
311 1675 411 1704 neque
443 1681 484 1686 -—
520 1670 547 1695 ct
586 1664 669 1693 m'lzz‘l
697 1673 727 1693 n.
763 1661 792 1693 ὅ.
834 1671 914 1692 vor-

238 1710 371 1743 kommt,
396 1708 467 1740 sich
484 1708 575 1740 nicht
596 1707 698 1739 leicht
718 1707 829 1745 findet,
850 1707 914 1738 und

240 1754 274 1786 L.
301 1755 368 1786 wol
391 1766 490 1795 neque
514 1757 682 1786 exercitum
700 1752 914 1793 geschrieben

237 1801 343 1832 haben
368 1801 493 1833 wiirdc.
533 1799 592 1831 Die
609 1798 714 1830 Stelle
740 1799 799 1830 hat
816 1798 915 1830 iiber-

238 1848 342 1888 haupt
387 1845 544 1886 gelitten,
586 1845 626 1876 da
671 1845 754 1875 auch
781 1850 916 1884 propter

239 1892 309 1924 sich
334 1891 425 1922 nicht
459 1891 613 1923 erkl'a'ren
646 1889 739 1931 lasst,
772 1890 837 1921 und
863 1888 914 1921 die

242 1937 504 1977 VViede-rholung
524 1939 702 1969 Romanum
729 1953 766 1958 -ψ
796 1938 914 1968 Roma—

239 1994 297 2014 nos
328 1982 401 2014 eine
439 1983 561 2014 andere
593 1982 692 2013 Form
733 1981 791 2012 der
826 1980 915 2012 Rede

240 2029 447 2060 auzudeuten
475 2028 613 2060 scheint.
646 2045 691 2049 —-—
717 2029 823 2059 marz’t.
859 2029 913 2066 ab,

241 2074 294 2105 die
324 2074 355 2105 in
393 2073 535 2105 anderen
568 2072 776 2110 Seest'adten,
813 2072 915 2103 durch

240 2120 339 2151 deren
376 2118 553 2159 Trennung
589 2118 707 2160 Sparta
749 2128 813 2148 von
858 2118 915 2148 der

240 2164 301 2196 See
332 2164 582 2205 abgeschnitten
607 2164 673 2196 und
699 2163 914 2204 geschw'ticht

239 2220 321 2249 war,
348 2212 402 2247 38,
429 2211 482 2249 30,
510 2212 540 2249 7,
566 2209 770 2241 wohnenden
807 2208 914 2240 Laco—

239 2265 311 2294 nen,
339 2254 360 2295 §
386 2257 414 2287 7.
437 2273 477 2276 —-
497 2258 672 2295 conserent„
693 2266 717 2286 s.
737 2256 791 2294 21,
810 2256 864 2294 63,
886 2257 914 2287 7.

289 2302 430 2334 10-14.
467 2308 494 2333 et
531 2299 604 2341 fiigt
637 2311 697 2332 nur
730 2300 787 2331 das
820 2310 913 2339 neue,

239 2345 367 2386 gleiche
399 2345 610 2377 Vei-haltniss
645 2356 695 2377 an.
733 2365 775 2367 —
809 2349 913 2385 etiam,

240 2392 336 2427 noch,
374 2391 520 2422 daneben
557 2391 681 2422 konnte
716 2402 749 2423 eo
789 2401 843 2422 uin
879 2401 915 2422 so

240 2436 381 2468 leichtcr
399 2435 518 2475 fehlen,
538 2447 562 2468 s.
581 2438 634 2472 36,
657 2438 710 2475 33,
741 2438 780 2479 3;
802 2438 833 2473 2,
859 2438 914 2475 45,

241 2484 279 2523 Q
315 2483 369 2520 27,
411 2483 466 2520 41,
498 2484 536 2522 ὃς
565 2481 607 2512 im
638 2481 729 2522 Folg.
762 2481 917 2514 schliesst

241 2525 311 2556 sich
328 2526 401 2558 eine
426 2527 578 2569 doppelte
599 2527 846 2568 Vergleichung
863 2537 916 2567 an,

227 2570 306 2603 »uie
339 2574 370 2612 4,
405 2572 436 2612 9,
479 2574 516 2615 3;
551 2571 592 2603 ib.
629 2574 681 2611 23,
718 2574 747 2605 6.
777 2590 822 2595 -
847 2584 916 2604 ora-

984 1253 1090 1291 tionis,
1117 1251 1174 1283 das
1190 1252 1386 1292 vorhergeh.
1406 1254 1545 1283 oratione
1562 1250 1664 1291 zeigt,

986 1297 1060 1328 dass
1092 1307 1156 1327 von
1193 1296 1284 1328 einer
1318 1297 1417 1328 sehon
1451 1296 1663 1337 gehaltenen,

985 1342 1078 1373 nicht
1107 1341 1197 1374 einer
1224 1346 1293 1373 erst
1319 1343 1402 1372 noch
1437 1341 1665 1382 beabsichtig-

986 1391 1042 1419 ten
1058 1386 1147 1419 Rede
1165 1387 1327 1425 (oracioni)
1347 1388 1549 1429 gesprochen
1567 1386 1663 1426 wird,

986 1432 1053 1473 vgl.
1084 1434 1111 1471 1,
1141 1434 1194 1469 39,
1223 1434 1260 1465 3:
1285 1435 1449 1465 materiam
1467 1435 1603 1473 t'nqentz'e
1621 1449 1666 1456 —-

987 1481 1106 1509 decoris
1138 1480 1338 1519 nutriamus,
1379 1480 1432 1517 35,
1475 1479 1526 1517 19,
1561 1480 1599 1518 53
1633 1480 1663 1515 3.

985 1525 1038 1560 31,
1079 1526 1117 1557 4:
1152 1527 1316 1556 materiam
1348 1526 1544 1556 criminandi
1570 1535 1667 1564 prae-

984 1571 1067 1607 bui&
1102 1572 1131 1609 8,
1170 1571 1220 1609 13,
1261 1571 1322 1612 163
1356 1572 1410 1609 45,
1450 1571 1500 1609 12,
1529 1572 1567 1601 9:
1594 1581 1666 1601 ma-

984 1617 1095 1647 teriam
1120 1626 1169 1646 res
1191 1617 1326 1656 yerendz'
1347 1626 1410 1647 reon
1441 1617 1568 1656 habuit3
1602 1615 1663 1646 den

984 1660 1085 1692 Dativ
1110 1671 1135 1691 S.
1169 1662 1197 1697 1,
1225 1662 1279 1699 23,
1310 1662 1368 1694 10:
1395 1662 1425 1700 3,
1449 1662 1498 1700 11,
1533 1662 1588 1703 103
1609 1661 1664 1699 26,

988 1708 1041 1741 35,
1067 1708 1097 1739 4.
1118 1723 1163 1728 —
1180 1717 1242 1747 quo
1261 1718 1309 1743 ecc,
1335 1706 1441 1738 selten
1459 1706 1545 1737 wird
1569 1717 1607 1738 ex
1629 1715 1666 1737 so

986 1752 1212 1792 nachgesetzt.
1243 1754 1379 1791 detraes„
1400 1753 1454 1791 37,
1474 1754 1528 1792 45,
1551 1753 1600 1785 18.
1621 1769 1665 1774 -
1710 1783 1715 1787 .

985 1804 1115 1836 vetusta,
1138 1798 1191 1836 31,
1222 1799 1249 1837 l,
1278 1800 1306 1830 7.
1338 1816 1372 1819 —-
1402 1800 1522 1837 victor„
1550 1797 1664 1837 durch,

984 1847 1082 1874 uuter
1103 1842 1239 1884 Siegen3
1263 1844 1316 1883 30,
1338 1845 1389 1882 17,
1413 1846 1450 1876 4:
1475 1845 1666 1875 Numidiam

985 1891 1109 1930 cyr-eyia
1140 1892 1271 1921 victoria
1301 1895 1529 1930 peraqratam,
1573 1887 1664 1919 Curt.

986 1935 1016 1973 3,
1056 1936 1105 1973 12,
1145 1937 1174 1973 6,
1210 1934 1275 1975 vgl.
1312 1934 1348 1965 L.
1389 1936 1418 1974 7,
1453 1936 1506 1973 20,
1534 1935 1571 1967 9:
1596 1945 1666 1966 cum

978 1982 1187 2019 populatione
1204 1982 1375 2021 perafflati
1387 1983 1484 2020 fines,
1515 1979 1582 2021 vgl.
1609 1980 1663 2019 21,

985 2028 1039 2063 43,
1069 2027 1118 2058 13.
1147 2044 1190 2047 -
1219 2032 1248 2057 et
1271 2032 1327 2058 tut.
1357 2030 1419 2057 etc.
1445 2026 1569 2057 konnte
1594 2024 1666 2056 sich

984 2070 1087 2102 leicht
1126 2071 1175 2101 als
1209 2075 1292 2102 orat.
1323 2071 1386 2102 obl.
1420 2081 1461 2102 an
1485 2072 1669 2111 refereban-

983 2122 1037 2148 tur
1063 2116 1299 2155 anschliessen,
1327 2118 1380 2151 31,
1410 2118 1462 2156 30,
1491 2118 1528 2149 2:
1554 2127 1664 2157 neque.

985 2179 1028 2184 -—
1053 2165 1101 2193 vel
1125 2180 1168 2184 —
1192 2164 1250 2202 vel,
1284 2172 1309 2193 c.
1341 2163 1394 2201 26,
1428 2163 1468 2203 33
1505 2163 1533 2199 1,
1571 2163 1599 2200 1,
1626 2163 1663 2200 8;

984 2207 1037 2239 die
1071 2206 1176 2239 wahl
1213 2207 1295 2238 wird
1331 2206 1544 2248 freigestellt,
1572 2206 1664 2237 nicht

986 2254 1044 2284 das
1069 2251 1150 2284 Eine
1183 2253 1468 2293 ausgeschlosscn.
1500 2271 1543 2275 --
1566 2262 1668 2293 neque

983 2316 1028 2320 —
1059 2304 1097 2337 et,
1133 2298 1329 2339 umgckehrt
1365 2297 1530 2340 §-2-3:
1565 2308 1666 2338 neque

985 2348 1046 2376 etc.
1080 2344 1158 2383 geht
1193 2342 1252 2375 auf
1280 2347 1411 2384 incepto,
1452 2350 1480 2376 et
1511 2347 1573 2374 etc.
1608 2341 1667 2374 auf

984 2396 1114 2431 evemu3
1143 2389 1202 2421 der
1234 2389 1353 2421 zweite
1387 2388 1465 2421 Satz
1497 2388 1542 2420 ist
1573 2387 1666 2420 selb-

985 2434 1129 2475 stiiudig,
1176 2434 1268 2466 nicht
1305 2446 1368 2467 von
1407 2434 1511 2466 einem
1549 2433 1664 2472 Verb.,

986 2480 1050 2512 wie
1068 2480 1127 2511 der
1147 2481 1342 2521 vorhergeh.
1359 2491 1423 2512 von
1436 2482 1577 2519 suadere,
1601 2479 1663 2510 ab·—

986 2525 1120 2566 h'angig.
1146 2544 1188 2548 —
1217 2529 1378 2565 adversus,
1416 2525 1514 2557 ihnen
1539 2533 1665 2566 gegen-

986 2571 1076 2611 iiber,
1104 2570 1147 2602 im
1173 2570 1311 2614 Hampfe
1336 2571 1396 2603 mit
1420 2571 1530 2610 ihnen,
1560 2570 1665 2601 nach-
