1747 2841
195 139 278 181 332

589 137 714 171 LIBER
741 135 935 171 xxxvnl.
972 136 1063 170 CAP.
1093 139 1146 172 36.
1172 137 1225 172 37.

1463 144 1489 163 a.
1510 144 1538 163 u.
1557 136 1618 164 566.

193 243 238 281 iis
261 242 433 293 suffragii
453 242 541 281 latio
565 264 618 269 —-
642 253 729 280 nam
754 246 863 280 antea
886 241 969 280 sine
989 240 1174 292 suffragio
1196 240 1409 280 habuerant
1428 240 1617 280 civitatem

155 304 173 336 8
194 322 246 326 ——
279 305 390 338 esset.
422 299 512 338 huic
543 298 732 349 rogationi
760 303 944 349 quattuor
974 296 1120 336 tribuni
1154 297 1295 348 plebis,
1342 298 1432 348 quia
1463 309 1544 336 non
1570 309 1618 336 ex

192 356 416 395 auctoritate
437 361 592 394 senatus
605 357 784 401 ferretur,
805 366 895 394 cum
910 354 1204 401 intercederent,
1225 354 1362 401 edocti,
1375 354 1509 405 populi
1521 366 1616 400 esse,
1655 377 1660 381 -

194 425 274 451 non
307 419 462 451 senatus
493 413 552 450 ius
579 411 819 462 suffragium,
851 410 993 461 quibus
1025 411 1124 457 velit,
1150 411 1361 462 impertire,
1389 411 1619 450 destiterunt

155 469 173 497 9
194 470 360 520 incepto.

420 469 565 519 rogatio
598 469 740 519 perlata
771 473 848 513 est,
892 473 934 506 ut
962 467 1002 505 in
1034 467 1193 506 Aemilia
1222 467 1326 506 tribu
1356 467 1554 506 Formiani
1582 474 1619 506 et

194 526 393 571 Fundani,
424 525 463 563 iu
495 525 672 564 Cornelia
700 524 905 575 Arpinates
928 525 1096 570 ferrent3
1133 531 1248 574 atque
1278 524 1318 562 in
1349 524 1408 563 his
1439 523 1617 563 tribubus

135 580 174 612 10
194 588 277 621 tum
312 582 483 633 primum
525 594 570 620 ex
611 581 759 620 Valerio
799 581 998 631 plebiscito
1038 581 1144 619 censi
1190 586 1291 620 sunt.

1345 581 1393 620 M.
1435 580 1617 621 Claudius

194 639 394 678 Marcellus
424 650 565 677 censor
595 645 698 677 sorte
729 644 911 688 superato
948 637 991 676 T.
1025 637 1206 684 Quinctio
1236 637 1403 676 lustrum
1436 637 1617 677 condidit.

195 708 309 734 censa
350 701 442 734 sunt
475 695 615 733 civium
658 695 778 745 capita
799 695 991 736 ‘c'cLWn‘
1017 694 1227 733 CCCXVIII
1270 694 1392 733 lustro
1444 695 1616 745 perfecto

195 752 374 791 consules
405 752 444 790 in
476 752 696 802 provincias
727 751 891 801 profecti
918 756 1020 789 sunt.

116 801 173 840 37

307 809 443 848 Hieme
471 821 534 855 ea,
575 820 649 859 qua
682 808 773 846 haec
804 808 950 847 Romae
980 813 1084 858 gesta
1115 812 1227 853 sunt,
1257 806 1302 845 ad
1335 807 1404 846 Cn.
1432 807 1617 846 Manlium

194 866 393 904 consulem
407 866 591 916 primum,
604 865 692 903 dein
704 877 775 915 pro
788 864 960 909 consule,
972 864 1241 902 hibernantem
1251 863 1290 902 iu
1302 863 1400 909 Asia,
1410 863 1618 914 legationes

194 923 369 973 undique
400 934 445 960 ex
474 921 656 961 omnibus
683 921 898 960 civitatibus
924 920 1193 972 gentibusque,
1224 932 1322 971 quae
1353 920 1406 959 cis
1446 921 1618 959 Taurum

155 983 174 1015 2
196 986 367 1018 montem
399 979 587 1025 incolunt,
619 978 912 1017 conveniebant.
945 983 981 1016 et
1001 984 1042 1015 ut
1063 977 1202 1016 clarior
1228 977 1473 1027 nobiliorque
1495 977 1618 1016 victo-

194 1036 248 1074 ria
277 1036 462 1075 Romanis
495 1035 541 1073 de
572 1047 660 1086 rege
693 1035 883 1073 Antiocho
916 1035 989 1073 fuit
1015 1046 1133 1084 quam
1166 1033 1212 1073 de
1244 1034 1378 1080 Gallis,
1404 1034 1454 1072 ita
1484 1033 1618 1073 laetior

155 1097 174 1129 3
194 1093 309 1132 sociis
336 1099 417 1131 erat
437 1092 483 1131 de
508 1092 621 1131 Gallis
644 1103 761 1142 quam
783 1092 830 1130 de
850 1091 1054 1130 Antiocho.
1074 1090 1307 1130 tolerabilior
1328 1091 1430 1142 regia
1452 1090 1618 1130 servitus

195 1249 320 1289 haben,
364 1260 390 1280 s.
428 1248 604 1280 Mommsen
647 1249 674 1287 1,
714 1249 790 1281 809.
826 1264 871 1269 -——

193 1297 318 1335 Tappo,
358 1294 485 1326 Bruder
518 1294 573 1325 des
620 1295 680 1333 35,
727 1294 784 1332 10,
832 1294 869 1326 11

193 1343 389 1383 genannten.
429 1358 473 1362 —
502 1342 683 1381 promulffi,
728 1338 871 1378 absolut,

194 1398 223 1418 n.
256 1389 368 1428 Zeyem,
413 1385 533 1417 ebcuso
571 1384 591 1426 ξ
626 1391 644 1417 t)
672 1385 806 1426 ferrent
839 1395 871 1417 11.

191 1435 360 1474 suffra-qia.
405 1450 448 1453 —
492 1443 528 1462 ez·
561 1437 640 1463 auct.
671 1442 745 1463 sen..
782 1440 873 1460 zwar

193 1478 302 1519 legten
350 1476 402 1509 die
441 1476 609 1508 Tribunen
663 1475 872 1518 gewiihnlich

193 1523 265 1556 ihre
283 1523 433 1564 Antr'age
458 1523 529 1554 dem
547 1522 669 1554 Senatc
694 1532 765 1560 vor,
792 1521 873 1553 aber

195 1569 301 1601 dieses
335 1579 407 1600 war
436 1568 537 1600 durch
564 1568 640 1599 kein
666 1566 787 1599 Gesetz
812 1576 871 1608 ge-

194 1616 315 1648 boten.
357 1625 382 1646 s.
416 1625 457 1645 zu
492 1617 531 1653 4,
566 1615 627 1647 49.
655 1615 692 1653 (33
729 1613 794 1644 und
820 1612 873 1644 hei

193 1660 391 1701 Ertheilung
424 1660 480 1692 des
516 1660 770 1700 Biirgerrcchtes
806 1657 873 1689 wol

193 1707 284 1738 nicht
309 1706 430 1738 einmal
449 1704 667 1747 gewo'hnlich,
694 1715 718 1736 s.
745 1706 799 1745 26,
818 1705 872 1744 33,

197 1755 256 1793 103
304 1752 369 1793 vgl.
404 1754 466 1786 45,
510 1753 568 1792 15,
596 1750 661 1790 312,
695 1749 873 1782 Mommsen

192 1797 330 1829 Forsch.
360 1799 396 1835 1,
424 1798 506 1836 2063
534 1796 645 1838 Lange
672 1798 701 1829 2.
730 1798 802 1829 595.
828 1812 874 1817 —

194 1846 348 1885 suffraq„
374 1842 437 1874 wie
463 1843 585 1874 vorher
609 1844 764 1883 suffraffl'i
786 1844 871 1876 latio.

195 1889 246 1921 dic
282 1888 434 1930 zugleich
464 1888 592 1919 actives
627 1887 691 1919 und
724 1886 872 1930 passives

193 1934 408 1974 Wahlrecht,
435 1935 494 1965 das
521 1933 571 1965 ius
598 1934 768 1967 honorum,
799 1932 872 1964 ein-

194 1981 333 2014 schloss.
367 1998 396 2001 -
433 1983 467 2011 in
492 1982 578 2012 trrbu
595 1983 671 2020 eto,
699 1979 801 2010 durch
821 1977 872 2009 die

195 2025 383 2058 Aufnahme
409 2026 467 2057 der
482 2026 606 2066 Biirger
625 2025 657 2056 iu
676 2024 727 2056 die
740 2023 872 2063 Tribus,

194 2072 321 2103 welche
342 2071 431 2112 jetzt
456 2071 605 2112 zugleich
624 2070 675 2102 die
694 2069 872 2101 Centurien

194 2116 372 2157 umfassen,
399 2128 423 2149 s.
456 2120 481 2157 1,
509 2118 563 2155 43,
586 2118 636 2149 12,
664 2114 785 2157 erfolgt
802 2115 873 2146 also

195 2164 248 2195 die
275 2163 472 2204 Ertheilung
497 2163 552 2194 dcs
577 2161 788 2203 sufl'ragium3
815 2161 872 2192 das

196 2208 498 2250 Gruudeigenthum
508 2208 566 2240 der
575 2207 872 2249 Aufgenommenen

194 2255 279 2286 wird
298 2255 357 2286 den
379 2255 481 2286 schon
501 2253 722 2285 bestehenden
742 2251 872 2292 Tribus,

193 2301 227 2332 in
277 2301 327 2332 die
379 2301 426 2332 sie
474 2299 659 2339 eintreten,
708 2298 873 2339 zugelegt,

194 2346 305 2387 Lange
334 2348 362 2386 1,
389 2347 472 2385 4393
500 2347 576 2379 452.
598 2363 641 2368 -—
666 2345 873 2386 Valeo-pleb„

195 2402 221 2424 c.
248 2395 301 2431 55,
333 2393 366 2424 1:
393 2393 514 2433 royatz'o
542 2393 687 2430 Petillz'a;
721 2391 783 2429 42,
818 2390 873 2431 21,

197 2440 234 2471 8:
262 2440 383 2479 royatio
408 2439 536 2470 Marem
560 2448 591 2468 u.
618 2446 647 2469 a.
678 2455 715 2459 —
742 2437 826 2467 censi
837 2446 875 2477 3,,

197 2483 289 2514 nicht
332 2483 382 2515 als
432 2483 471 2514 ob
513 2482 562 2514 sie
607 2482 655 2514 als
697 2480 874 2523 municipes

195 2529 295 2560 schon
339 2528 369 2560 in
403 2528 482 2560 Rom
527 2528 702 2570 geschiitzt
741 2527 876 2560 worden

200 2574 325 2613 wiiren,
364 2574 504 2606 sondern
536 2574 584 2606 sie
622 2573 757 2606 wurdeu
789 2571 877 2613 jetzt

939 1258 1012 1279 zum
1040 1251 1149 1279 ersten
1178 1246 1264 1279 Male
1297 1247 1482 1289 geschiitzt,
1509 1247 1551 1278 da
1570 1247 1620 1280 sie

937 1292 1024 1334 jetzt
1056 1295 1136 1324 r'om.
1175 1293 1298 1333 Biirger
1330 1303 1454 1333 waren,
1491 1292 1556 1324 und
1585 1292 1618 1324 in

940 1340 1002 1371 deu
1052 1342 1237 1379 genannten
1284 1337 1424 1380 Tribus,
1474 1339 1517 1370 da
1566 1338 1619 1370 die

940 1384 1129 1426 Sch‘zitzung
1160 1384 1344 1426 uberhaupt
1381 1384 1465 1416 nach
1496 1383 1618 1416 Tribus

940 1430 1094 1472 gehalteu
1121 1430 1246 1470 wurde,
1274 1440 1300 1461 s.
1326 1431 1380 1469 29,
1408 1431 1460 1468 37,
1487 1430 1550 1463 8ff.
1574 1448 1619 1452 -

940 1483 1034 1516 sorte,
1062 1475 1241 1508 Mommsen
1251 1475 1316 1507 Str.
1329 1477 1382 1508 72.
1393 1494 1436 1498 —-
1447 1477 1626 1509 CCLVIII

941 1526 1015 1562 etc„
1059 1522 1126 1563 vgl.
1170 1523 1225 1562 35,
1267 1523 1298 1562 9,
1343 1523 1369 1555 1.
1397 1538 1442 1544 —
1464 1525 1618 1561 comentes,

942 1567 1093 1610 obgleich
1135 1567 1224 1599 diese
1269 1567 1360 1598 nicht
1402 1567 1620 1599 unmittelbar

941 1614 994 1646 bei
1037 1614 1095 1645 der
1134 1613 1327 1654 Abhaltung
1366 1613 1422 1645 des
1464 1613 1619 1645 Lustrum

942 1659 1118 1700 betheiligt
1142 1669 1266 1691 waren.

988 1702 1164 1742 37-39,
1188 1704 1432 1745 Anordnungen
1453 1703 1485 1735 iu
1498 1703 1618 1744 Asien;

941 1750 1060 1783 Friede
1090 1751 1150 1782 mit
1176 1750 1372 1782 Antiochus.
1419 1748 1537 1792 Polyb.
1564 1750 1617 1790 21,

941 1796 1036 1835 44f.;
1062 1796 1155 1831 Diod.
1182 1797 1237 1836 29,
1265 1793 1353 1835 13f.;
1378 1794 1516 1837 Appian.
1540 1794 1618 1837 Syr.

943 1844 985 1877 38
999 1841 1039 1881 f.;
1065 1844 1126 1881 443
1156 1841 1232 1874 Val.
1257 1841 1348 1873 Mas.
1374 1843 1405 1875 4„
1438 1842 1466 1880 1,
1493 1839 1567 1873 Ext.
1587 1842 1618 1874 9.

991 1890 1087 1921 1—3.
1115 1899 1177 1927 pro
1201 1899 1303 1927 com„
1331 1887 1415 1917 nach
1441 1896 1467 1917 c.
1494 1887 1547 1925 35,
1576 1887 1619 1929 33

943 1936 972 1973 S,
1001 1934 1068 1974 vgl.
1095 1934 1148 1971 35,
1178 1935 1205 1970 1.v
1224 1935 1254 1972 4,
1282 1932 1346 1964 seit
1367 1932 1438 1964 dem
1456 1933 1505 1965 15.
1525 1931 1620 1964 Miirz

944 1981 1025 2018 183,
1069 1979 1098 2010 d.
1135 1979 1166 2011 h.
1200 1979 1271 2010 dem
1298 1977 1423 2010 Novbr.
1465 1979 1537 2011 189.
1576 1996 1620 2001 —

941 2028 975 2057 in
1003 2027 1097 2061 Asia,
1125 2035 1150 2058 S.
1177 2034 1202 2055 e.
1231 2026 1283 2061 27,
1313 2025 1342 2057 9.
1372 2041 1418 2046 -—
1441 2030 1469 2056 et
1492 2030 1530 2056 ut
1554 2027 1619 2055 etc.

942 2070 986 2102 ist
1028 2071 1142 2102 lockcr
1182 2068 1401 2112 angekniipft,
1447 2069 1527 2101 weil
1567 2068 1619 2100 die

943 2115 1121 2148 Gedanken
1180 2115 1233 2147 bei
1293 2114 1411 2158 Polyb.
1479 2125 1506 2146 c.
1559 2116 1620 2148 43:

942 2164 1193 2208 παρεγένοντο
1219 2164 1412 2213 πρεσβεῖαι
1444 2179 1489 2183 -
1516 2170 1621 2212 ,συμ-

943 2211 1129 2253 φοροῦσαι
1163 2217 1373 2252 στεφανους
1403 2224 1457 2239 —.
1499 2203 1620 2239 ἁπαν-

943 2265 999 2291 τες
1026 2250 1113 2298 γὰρ
1142 2271 1187 2276 -
1219 2249 1404 2298 ἐχάρησαν
1429 2251 1622 2294 umgestellt

941 2299 1023 2331 sind.
1044 2301 1258 2338 —-.Romam's,
1283 2298 1336 2330 fiir
1361 2297 1413 2330 die
1427 2297 1475 2338 R.,
1501 2297 1621 2329 anders

943 2348 1046 2377 sociis.
1081 2362 1123 2367 —-
1162 2347 1198 2377 de
1230 2347 1331 2377 Gallis
1372 2362 1418 2366 —
1452 2346 1489 2375 de
1525 2345 1621 2381 Ant.,

944 2392 1027 2423 auch
1062 2391 1144 2422 dazu
1178 2390 1221 2422 ist
1251 2390 1452 2431 uugeachtet
1477 2389 1532 2421 des
1560 2389 1621 2420 da—

942 2436 1109 2468 zwischen
1135 2436 1316 2468 stehenden
1343 2438 1386 2467 ita
1411 2438 1475 2466 etc.
1494 2434 1620 2466 wieder

945 2484 1076 2515 victoria
1104 2492 1143 2514 zu
1170 2482 1316 2521 uehmen‚
1348 2481 1415 2522 vgl.
1441 2481 1495 2519 22,
1522 2481 1576 2519 35,
1591 2481 1621 2512 5.

947 2546 988 2550 -
1031 2530 1118 2569 reqia
1160 2539 1250 2567 eet-v„
1292 2526 1426 2570 Polyba
1469 2526 1532 2559 ἐπὶ
1572 2524 1623 2568 τῷ

947 2573 1073 2607 δοκεῖν
1113 2570 1370 2606 ἀπολελύσθαι
1415 2570 1512 2608 τινὲς
1552 2569 1625 2617 μὲν
