1747 2841
198 111 283 154 202

651 110 777 144 LIBER
801 110 980 145 XXXVII.
1012 110 1105 144 CAP.
1123 113 1176 146 26.

1473 119 1501 137 ι.
1521 118 1549 137 u.
1568 110 1630 138 564.

199 214 351 255 videbat
382 215 565 254 sustineri
598 225 679 253 non
702 227 839 266 posse,
870 226 986 266 quam
1008 215 1114 266 quod
1134 227 1196 254 res
1219 215 1365 254 navalis
1385 215 1469 266 ipsa
1491 227 1561 266 por
1583 228 1626 255 se

199 278 264 311 aut
300 277 479 323 temptata
516 271 588 310 sibi
619 283 809 321 umquam
836 271 995 310 feliciter
1025 277 1091 311 aut
1117 277 1209 310 tunc
1236 284 1397 322 magnae
1429 279 1465 311 et
1496 277 1622 311 certae

161 337 181 369 3
200 329 363 368 fiduciae
400 335 510 367 esset.
562 334 642 367 erat
660 334 789 367 tamen
813 333 1057 367 momentum
1078 328 1119 367 in
1141 329 1359 379 praesentia
1381 328 1483 379 spei,
1517 329 1624 380 quod

200 392 236 425 et
261 397 440 436 magnam
471 390 620 436 partem
653 384 825 424 Rhodiae
857 384 987 423 classis
1019 385 1119 424 circa
1149 385 1282 424 Patara
1313 397 1398 424 esse
1421 390 1457 424 et
1476 385 1635 424 Eume-¹
1677 385 1681 388 ’

200 454 277 481 nen
298 454 429 493 regem
453 453 543 479 cum
567 441 749 480 omnibus
771 441 933 480 navibus
953 441 1034 480 suis
1060 442 1211 481 consuli
1235 441 1386 480 obviam
1410 442 1451 480 in
1473 442 1624 481 Helles-

159 513 180 545 4
200 504 364 550 pontum
388 500 607 548 profectum
629 498 822 544 audierat;
844 498 986 548 aliquid
1009 498 1122 537 etiam
1141 498 1298 537 inflabat
1318 498 1469 537 animos
1492 498 1624 538 classis

197 555 348 595 Rhodia
373 555 420 593 ad
443 556 603 593 Samum
634 567 703 605 per
732 555 977 593 occasionem
1008 554 1144 593 fraude
1175 562 1440 606 praeparatam
1460 555 1637 594 absum-.

159 623 177 654 5
198 619 273 663 pta.

326 611 386 650 his
418 614 562 658 fretus,
602 611 841 663 Polyxenida
873 623 964 650 cum
995 611 1115 650 classe
1141 611 1188 650 ad
1219 612 1483 662 temptandam
1514 611 1624 651 omni

200 669 317 707 modo
351 668 573 707 certaminis
603 670 802 707 fortunam
835 668 976 714 misso,
1006 668 1089 718 ipse
1111 668 1240 719 copias
1260 669 1307 706 ad
1327 669 1485 708 Notium
1508 668 1625 708 ducit.

198 726 236 764 id
266 725 456 776 oppidum
477 725 776 775 Colophonium,
810 724 906 763 mari
928 725 1150 772 imminens,
1181 724 1289 763 abest
1310 737 1330 762 a
1356 731 1485 764 vetere
1505 725 1623 764 Colo-

159 797 179 829 6
199 782 330 833 phone
361 782 439 820 duo
472 783 595 820 ferme
628 782 729 820 milia
756 793 956 832 passuum.
1005 787 1041 820 et
1069 781 1192 832 ipsam
1223 781 1363 820 urbem
1393 794 1484 820 suae
1511 786 1625 832 pote-

199 839 303 878 statis
325 850 409 877 esse
429 838 601 885 volebat,
628 838 723 877 adeo
744 838 1007 889 propinquam
1030 838 1185 889 Epheso
1199 869 1207 884 ,
1239 844 1280 877 ut
1300 838 1395 876 nihil
1417 844 1518 877 terra
1540 850 1624 877 ma-

199 896 280 934 rive
309 900 458 946 ageret,
487 895 593 946 quod
625 907 705 933 non
735 894 953 934 subiectum
986 895 1107 933 oculis
1130 895 1467 945 Colophoniorum
1489 907 1533 933 ac
1555 907 1627 946 per

160 978 179 1008 7
199 964 266 991 eos
298 958 438 990 notum
466 952 659 1002 extemplo
686 952 872 991 Romanis
896 958 1007 998 esset,
1043 963 1142 1002 quos
1166 951 1293 991 audita
1315 951 1517 990 obsidione
1540 963 1623 990 non

199 1009 396 1048 dubitabat
425 1008 471 1047 ad
503 1021 619 1059 opem
646 1009 772 1047 sociae
803 1008 891 1047 urbi
918 1009 1121 1047 ferendam
1144 1009 1306 1047 classem
1328 1008 1374 1046 ab
1396 1009 1511 1047 Samo
1535 1020 1624 1047 mo-

159 1085 178 1117 g
197 1072 329 1113 turos3
354 1078 437 1104 eam
459 1065 705 1104 occasionem
725 1065 986 1116 Polyxenidae
1009 1065 1055 1104 ad
1076 1077 1160 1104 rem
1182 1065 1391 1116 gerendam
1412 1067 1509 1104 fore.
1551 1065 1625 1115 igi-

198 1128 261 1161 tur
283 1122 466 1174 operibus
489 1133 716 1172 oppugnare
738 1122 877 1161 urbem
901 1122 1120 1173 adgressus,
1142 1122 1189 1160 ad
1210 1134 1315 1161 mare
1338 1121 1514 1172 partibus
1526 1121 1626 1160 dua-

197 1179 270 1218 bus
301 1179 444 1230 pariter
473 1178 757 1217 munitionibus
787 1179 982 1225 deductis,
1014 1179 1212 1229 utrimque
1235 1179 1365 1217 vineas
1386 1184 1423 1217 et
1444 1190 1627 1230 aggerem

158 1264 178 1296 9
198 1248 313 1274 muro
337 1235 506 1274 iniunxit
528 1241 565 1273 et
586 1234 846 1273 testudinibus
870 1235 1007 1273 arietes
1031 1235 1215 1274 admovit.
1248 1235 1391 1286 quibus
1410 1235 1627 1274 [erritima-

195 1293 240 1331 lis
263 1292 494 1342 Colophonii
520 1297 693 1330 oratores
716 1292 877 1330 Samum
898 1292 946 1330 ad
969 1291 1011 1329 L.
1033 1291 1242 1330 Aemilium
1257 1322 1266 1338 ,
1297 1292 1413 1330 fidem
1435 1291 1625 1342 praetoris

138 1374 178 1406 10
196 1349 410 1401 populique
440 1348 607 1387 Romani
638 1348 912 1398 implorantes,
953 1348 1157 1386 miserunt.

196 1450 264 1482 lich
290 1449 521 1490 ausgedriickt.
554 1451 625 1489 sibi,
652 1449 731 1481 weil
755 1459 790 1481 es
809 1448 875 1481 Ge-

197 1496 303 1528 danke
337 1496 393 1527 des
428 1493 553 1536 lio'nigs
591 1495 654 1535 ἱεῖς
682 1496 736 1535 35,
766 1497 817 1535 17,
844 1496 874 1528 8.

196 1553 328 1584 maynae
347 1559 391 1563 ——
403 1543 478 1581 fid„
494 1550 624 1581 grosses
639 1541 704 1572 und
724 1540 875 1572 wohlbe-

197 1588 375 1629 griindetes
400 1586 590 1618 Vertrauen
616 1586 792 1627 einssb'sste,
822 1590 875 1618 et—

196 1643 267 1664 was
294 1632 413 1664 freiere
440 1632 655 1673 Anwendung
688 1632 743 1664 des
773 1631 874 1673 genit.

195 1679 283 1721 qual.
314 1699 349 1703 ff
376 1684 488 1718 tamen,
515 1678 665 1719 obgleich
692 1677 743 1710 die
761 1677 873 1710 Flotte

195 1725 280 1756 noch
306 1723 413 1755 nichts
439 1724 665 1764 ausgerichtet
699 1725 803 1764 hatte,
837 1734 873 1755 so

195 1781 268 1802 war
307 1769 372 1809 sie,
418 1769 458 1800 da
500 1770 557 1801 das
602 1769 779 1801 Landheer
821 1770 872 1801 die

196 1815 320 1847 Feinde
337 1815 428 1846 nicht
449 1814 606 1847 abhalten
631 1815 764 1854 konnte,
790 1815 875 1847 doch

196 1861 287 1893 seiue
321 1861 448 1901 einzige
482 1859 654 1902 Hoffnung,
689 1861 754 1892 und
783 1861 872 1893 diesc

196 1907 309 1938 wurde
350 1907 452 1938 durch
488 1906 540 1938 die
578 1905 756 1938 Umstzinde
794 1906 815 1948 ξ
854 1908 873 1939 3

197 1952 387 1994 gesteigert.
415 1970 459 1974 —
485 1954 521 1983 in
540 1964 657 1992 praes„
686 1956 783 1984 unter
811 1953 873 1984 den

197 1997 469 2039 gegenw'artigen
522 1998 794 2038 Verh'a'ltuissen,
845 2008 872 2030 c.

197 2046 251 2086 36,
278 2045 296 2077 8
321 2055 352 2075 11.
386 2054 414 2075 3.
438 2062 481 2066 -
506 2046 639 2085 aliquid,
678 2044 712 2075 in
746 2043 875 2085 einiger

196 2090 394 2130 Beziehung,
429 2089 696 2130 einigermassen,
729 2091 784 2129 23,
822 2091 872 2130 13,

196 2138 234 2169 4:
259 2139 289 2167 si
303 2136 446 2176 fortuna
472 2153 514 2157 —-
542 2137 669 2177 aliquid
689 2138 872 2168 variaverit.

197 2199 239 2204 —
265 2183 387 2222 iozflab„
413 2191 439 2212 c.
468 2181 519 2222 12,
540 2184 570 2215 4.
598 2201 632 2204 -
663 2184 795 2222 animos,
813 2191 875 2213 nur

196 2227 251 2259 des
279 2227 472 2268 Antiochus,
501 2229 554 2268 24,
583 2229 638 2267 40,
671 2229 721 2260 10.

243 2319 341 2351 5—8.
374 2320 518 2358 Notium,
553 2317 783 2360 urspriiuglich
821 2317 873 2349 die

196 2362 394 2395 Hafenstadt
411 2363 608 2406 Colophons,
626 2374 697 2395 war
714 2364 797 2395 nach
816 2363 874 2394 der

196 2409 449 2450 Entvo'lkerung
485 2409 596 2441 dieser
635 2408 732 2440 stadt
771 2409 874 2440 durch

198 2454 427 2497 Lysimachus,
455 2465 480 2486 s.
501 2454 642 2486 Pausau.
672 2457 699 2495 1,
722 2457 753 2495 9,
776 2456 813 2495 83
842 2457 872 2495 7,

199 2502 229 2539 3,
249 2502 276 2540 1,
292 2501 383 2532 mehr
396 2501 552 2532 bewohnt
567 2501 701 2532 worden
709 2500 775 2531 und
785 2500 873 2532 hiess

197 2546 312 2588 sp'aiter
351 2546 456 2578 selbst
489 2545 669 2588 Colophon.
711 2564 757 2568 —
807 2551 874 2586 vet„

1217 1348 1426 1387 Aemilium
1454 1354 1491 1387 et
1519 1348 1627 1387 Sami

945 1448 1095 1491 Thucyd.
1112 1450 1141 1489 3,
1162 1450 1216 1489 34,
1240 1450 1274 1482 1:
1295 1446 1338 1482 οὔ
1356 1448 1521 1490 (Νοτίου)
1540 1460 1627 1481 κατ-

945 1491 1087 1536 ῴκηντο
1136 1491 1378 1540 Κολοφώνιοι
1430 1496 1493 1536 τῆς
1549 1491 1627 1528 ἅνω
1658 1492 1660 1494 ’

944 1538 1085 1578 πόλεως
1104 1540 1303 1577 ἑαλωκυίας
1315 1544 1393 1581 etc„
1418 1540 1461 1572 ib.
1487 1542 1507 1581 ξ
1525 1542 1555 1574 4.
1582 1560 1626 1566 -—-

944 1593 972 1619 et
999 1588 1101 1626 ipsam
1128 1590 1189 1618 ete.
1220 1586 1264 1618 ist
1281 1587 1365 1618 ohne
1393 1587 1634 1628 entsprechen-⁸

945 1632 1007 1663 den
1037 1631 1126 1672 Satz,
1157 1632 1196 1663 da
1226 1642 1300 1663 man
1329 1632 1413 1663 nach
1437 1632 1509 1664 dem
1536 1631 1627 1664 Vor-

942 1678 1078 1718 hergeh.
1110 1682 1278 1710 erwarten
1301 1678 1442 1709 miisste:
1477 1684 1506 1710 ec
1530 1679 1627 1719 Poly-

942 1726 1077 1755 xenidae
1116 1726 1306 1756 occasionem
1353 1726 1450 1763 dare,·
1495 1723 1535 1755 ob
1585 1723 1626 1758 L.

944 1769 1048 1800 selbst
1084 1779 1149 1799 von
1188 1769 1247 1800 der
1282 1769 1495 1810 begonuenen
1536 1768 1626 1800 Con-

942 1819 1060 1846 struct.
1086 1814 1301 1856 abgegaugen
1319 1814 1368 1846 sei
1394 1814 1458 1846 und
1482 1814 1542 1846 mit
1557 1826 1627 1847 eam

942 1863 1093 1893 occasion.
1116 1864 1178 1892 etc.
1206 1860 1278 1892 eine
1304 1860 1426 1892 andere
1445 1860 1627 1902 VVendung·

943 1916 1133 1947 genommen
1160 1906 1256 1946 habe,
1291 1917 1317 1938 s.
1351 1916 1377 1937 c.
1415 1907 1470 1946 53,
1505 1906 1543 1946 33
1568 1907 1624 1947 21,

943 1953 998 1991 28,
1047 1953 1075 1992 1,
1120 1952 1199 1984 oder
1238 1951 1290 1984 ein
1332 1950 1456 1983 Fehler
1490 1950 1524 1983 13
1566 1952 1629 1984 der

943 1996 1048 2029 Stelle
1082 1997 1169 2038 liege
1197 1997 1346 2038 (Madvig
1372 2007 1472 2029 verm.
1513 2003 1542 2030 et
1567 1999 1626 2030 hos

943 2047 1030 2074 statt
1053 2044 1155 2084 quos),
1182 2043 1227 2075 ist
1247 2043 1338 2074 nicht
1362 2042 1474 2075 sicher
1493 2053 1535 2075 zu
1551 2046 1625 2075 ent-

943 2088 1108 2121 scheiden.
1136 2107 1174 2111 -—
1195 2091 1313 2129 urbem,
1334 2089 1421 2120 kann
1446 2089 1530 2120 nach
1551 2089 1624 2121 dem

942 2133 1049 2175 Folg.,
1076 2134 1254 2166 besonders
1280 2135 1356 2174 §82
1391 2137 1435 2166 ad
1466 2145 1554 2168 mare
1581 2153 1624 2156 —

943 2182 1024 2219 ded„
1054 2191 1114 2212 nur
1141 2180 1273 2212 Notium
1297 2179 1380 2214 scin.
1398 2198 1442 2203 ·-
1453 2183 1622 2222 propinq„

944 2226 1110 2258 zwischen
1134 2225 1281 2268 Ephesus
1314 2226 1381 2257 und
1406 2224 1541 2257 Notium
1565 2225 1624 2267 lag

943 2282 1006 2302 nur
1040 2272 1097 2303 der
1129 2272 1214 2313 Berg
1247 2270 1429 2303 Gallesion.
1465 2289 1508 2294 —
1532 2273 1624 2304 Colo-

937 2319 1047 2357 phon„
1085 2328 1121 2349 so
1160 2318 1304 2349 konnten
1352 2317 1435 2348 auch
1472 2317 1524 2349 die
1558 2317 1622 2349 Be-

942 2364 1081 2395 wohner
1107 2373 1169 2394 von
1202 2362 1337 2395 Notium
1365 2366 1512 2403 genannt
1531 2372 1622 2395 wer-

945 2409 1017 2448 den,
1047 2419 1073 2440 s.
1099 2407 1120 2450 ξ
1148 2411 1185 2449 53
1211 2411 1252 2449 93
1277 2419 1303 2440 c.
1331 2409 1385 2449 28,
1414 2410 1453 2448 43
1482 2409 1537 2449 38,
1565 2409 1621 2448 39',

944 2455 981 2487 S:
1011 2457 1219 2495 Colophoniis,
1252 2457 1311 2495 qui
1340 2457 1375 2486 in
1405 2455 1500 2486 Notio
1532 2455 1622 2485 habi-

943 2501 1059 2532 tabam.
1091 2518 1133 2523 —-
1161 2512 1256 2533 occas.
1284 2518 1329 2522 —
1353 2501 1405 2539 ad,
1430 2501 1462 2540 4,
1491 2501 1545 2540 53,
1568 2500 1620 2533 10.

944 2563 989 2568 -—
1037 2548 1203 2586 testudin„
1256 2545 1476 2586 vex-mittelst,
1525 2548 1625 2577 unter
