1747 2841
233 153 317 195 324

664 154 788 187 LIBER
813 154 1008 200 XXXVIII,
1044 155 1135 188 CAP.
1163 157 1215 189 32.

1499 163 1526 182 a.
1547 162 1577 181 u.
1593 154 1657 182 565.

233 258 382 304 consul,
407 269 496 298 cum
518 258 586 297 alia
610 259 700 302 satis
720 258 920 297 ambitiose
941 265 1090 310 partem
1111 259 1658 310 utramquefovendoincerta

232 314 510 365 respondisset,
523 327 599 353 una
611 313 969 361 denuntiationeut
981 315 1081 354 bello
1093 315 1342 363 abstinerent,
1358 315 1483 355 donec
1493 317 1660 356 Romam

196 388 215 421 5
234 371 279 411 ad
307 377 484 410 senatum
504 372 647 422 legatos
675 371 884 418 misissent,
912 371 1032 410 finem
1055 372 1253 423 imposuit.
1298 373 1494 424 utrimque
1522 373 1673 424 legatio'

234 428 352 471 missa
380 428 545 467 Romam
575 434 643 467 est.
674 429 806 467 exules
830 440 988 479 quoque
1011 428 1412 468 Lacedaemoniorum
1434 442 1545 468 suam
1566 442 1661 469 cau-

194 499 213 531 6
234 497 314 523 sam
345 485 656 536 legationemque
676 485 838 524 Achaeis
860 485 1126 524 iniunxerunt.
1158 486 1379 537 Diophanes
1403 492 1439 525 et
1458 486 1657 538 Lycortas,

233 542 540 592 Megalopolitani
570 541 706 588 ambo,
752 542 948 592 principes
978 543 1180 593 legationis
1211 543 1458 582 Achaeorum
1486 544 1658 590 fuerunt,

233 598 321 648 qui,
362 598 590 637 dissidentes
622 599 661 637 in
700 611 741 637 re
782 598 956 649 publica,
996 604 1079 638 tum
1112 611 1270 650 quoque
1297 600 1456 638 minime
1486 600 1588 638 inter
1617 612 1658 639 se

195 664 211 694 7
233 655 499 694 convenientis
531 656 724 694 orationes
764 655 996 694 habuerunt.

1055 656 1277 706 Diophanes
1315 657 1463 695 senatui
1503 656 1658 708 discep-

233 711 417 750 tationem
438 713 614 751 omnium
638 724 769 750 rerum
802 712 1066 763 permittebat:
1100 725 1167 751 eos
1196 713 1342 764 optime
1373 713 1659 752 controversias

194 768 332 814 ginter
364 769 539 808 Achaeos
579 781 621 807 ac
656 769 984 808 Lacedaemonios
1024 769 1204 808 finituros
1245 782 1351 816 esse3
1395 770 1580 821 Lycortas
1611 782 1659 808 ex

231 826 444 876 praeceptis
474 825 789 876 Philopoemenis
816 825 1044 876 postulabat,
1086 832 1129 864 ut
1158 827 1319 865 Achaeis
1351 839 1396 865 ex
1429 826 1586 866 foedere
1615 839 1658 866 ac

229 881 379 933 legibus
405 882 497 929 suis,
529 895 626 933 quae
658 883 892 930 decressent,
926 895 1038 933 agere
1068 883 1219 930 liceret,
1259 883 1552 934 libertatemque
1585 883 1657 922 sibi

191 948 211 981 9
229 938 422 986 illibatam,
454 940 564 978 cuius
592 939 665 990 ipsi
688 945 866 978 auctores
889 946 1030 986 essent,
1057 946 1308 990 praestarent.
1340 952 1501 991 magnae
1521 946 1656 979 aucto-

230 995 348 1034 ritatis
379 996 482 1047 apud
512 996 712 1035 Romanos
743 1002 829 1035 tum
856 1009 949 1047 gens
970 997 1216 1036 Achaeorum
1236 1003 1336 1043 erat3
1368 997 1504 1035 novari
1529 1002 1656 1036 tamen

230 1052 324 1091 nihil
356 1053 403 1091 de
434 1052 750 1092 Lacedaemoniis
782 1053 965 1103 placebat.
1013 1059 1185 1092 ceterum
1216 1066 1453 1104 responsum
1482 1054 1533 1092 ita
1563 1066 1655 1105 per-

228 1109 387 1160 plexum
428 1110 520 1156 fuit,
562 1116 604 1148 ut
643 1116 680 1148 et
719 1110 860 1148 Achaei
899 1110 971 1149 sibi
1011 1111 1058 1149 de
1088 1110 1381 1150 Lacedaemone
1417 1111 1656 1161 permissum

170 1176 210 1209 10
229 1167 468 1218 acciperent,
509 1172 545 1205 et
573 1166 871 1205 Lacedaemonii
902 1179 983 1217 non
1012 1168 1141 1206 omnia
1174 1180 1358 1206 concessa
1389 1167 1433 1206 iis
1459 1167 1654 1219 interpre-

228 1228 413 1262 tarentur.
461 1223 532 1261 hac
562 1229 747 1273 potestate
776 1224 985 1262 immodice
1016 1224 1158 1263 Achaei
1188 1237 1231 1263 ac
1261 1224 1429 1275 superbe
1464 1224 1524 1263 usi
1552 1231 1655 1264 sunt.

233 1314 260 1354 1,
291 1315 341 1353 10,
370 1315 396 1346 1.
424 1315 602 1353 —amhz't.,
630 1312 753 1344 darauf
765 1313 904 1345 berech-

229 1363 302 1397 net,
333 1358 401 1390 ihm
426 1358 478 1391 die
505 1358 612 1391 Gunst
644 1369 685 1390 zu
718 1359 903 1399 gewinnen,

227 1405 270 1436 im
289 1404 381 1447 Folg.
406 1405 545 1436 erklart.
559 1423 603 1426 —
617 1416 694 1443 una,
720 1415 782 1436 nur
802 1405 905 1436 durch

227 1450 279 1483 die
323 1451 414 1490 eine,
457 1453 601 1491 denunt„
646 1450 904 1492 Ankiindiguug,

226 1495 359 1537 ssefehl,
392 1497 460 1537 vgl.
488 1507 514 1528 c.
540 1499 594 1535 40,
622 1498 658 1536 23
686 1497 748 1536 42,
777 1498 838 1537 24,
865 1498 902 1530 6:

225 1545 388 1576 denuntiet
429 1545 755 1584 Cat-thayiniensibus,
796 1550 831 1575 ut
864 1544 907 1574 ad

224 1591 461 1629 disceptandum
484 1592 635 1627 veniant,·
662 1589 715 1628 35,
742 1590 795 1629 35,
825 1591 856 1622 4.

269 1682 391 1714 6—10.
415 1682 599 1719 Dioplzan.,
634 1691 657 1712 3.
685 1682 745 1717 37,
773 1681 833 1719 20,
875 1681 902 1719 1,

223 1726 275 1759 ein
309 1726 441 1767 Gegner
477 1726 535 1758 der
567 1725 691 1757 Politik
727 1724 903 1767 Philopoe-

223 1782 312 1804 1110113
340 1773 405 1804 und
433 1771 608 1814 Lycortas,
635 1782 661 1804 s.
684 1770 754 1802 Pol.
781 1772 835 1809 22,
863 1772 902 1810 3;

223 1820 278 1859 23,
309 1820 346 1851 17
374 1830 404 1850 u.
433 1828 461 1849 a.
484 1837 524 1842 —
551 1820 727 1857 ,Lm-ortae,
754 1817 816 1856 35,
846 1818 901 1857 29,

227 1866 253 1897 1.
280 1882 322 1887 —-
348 1867 383 1896 in
407 1875 444 1896 re
460 1875 510 1904 μ,
536 1863 569 1894 in
590 1863 685 1895 ihren
704 1862 902 1904 politisehen

222 1910 414 1942 Ansichten.
427 1928 472 1932 ——
488 1916 553 1941 tum
579 1920 673 1950 quoq.
694 1909 778 1939 nach
795 1908 900 1940 01110111

223 1955 391 1998 Particip.‚
411 1971 457 1982 =
473 1967 544 1988 oum
560 1966 679 1995 semper
703 1956 899 1994 dissiderent,

223 2002 268 2034 ist
304 2002 396 2033 nicht
429 2001 550 2042 h'aufig.
598 2000 658 2032 Die
700 1998 778 2040 folg.
814 2000 900 2032 Ver-

220 2047 388 2088 handlung
412 2047 454 2079 ini
477 2047 597 2079 Senate
618 2047 706 2078 kann
722 2045 792 2077 sich
811 2045 901 2077 nieht

221 2093 437 2125 unmittelbar
461 2103 503 2124 an
536 2093 594 2124 das
620 2091 899 2131 Vorhergchende

221 2139 486 2180 angesehlossen,
531 2139 674 2170 sondern
714 2141 784 2169 erst
816 2138 900 2168 nach

221 2185 292 2217 dem
317 2184 448 2216 Antritt
473 2185 531 2216 der
559 2194 662 2215 neuen
687 2182 842 2221 Consuln,
869 2193 897 2215 c.

221 2232 275 2273 35,
301 2235 386 2263 statt
409 2230 533 2272 gehabt
557 2230 680 2269 haben,
706 2228 773 2260 und
800 2228 898 2260 sollte

219 2281 288 2308 erst
320 2281 418 2309 unter
451 2277 522 2307 dem
557 2276 640 2307 Jahr
679 2276 741 2308 188
768 2274 899 2306 erziihlt

220 2323 309 2363 sein,
348 2322 468 2354 ehenso
505 2322 556 2354 die
590 2320 668 2362 folg,
706 2319 897 2361 Ereignisse

218 2368 268 2400 his
296 2378 324 2400 c.
353 2370 407 2408 34,
436 2368 520 2399 denn
546 2368 631 2399 nach
658 2365 776 2408 Polyb.
806 2367 894 2407 22,3

220 2414 370 2446 erhalten
396 2414 448 2446 die
476 2413 545 2445 sich
570 2413 651 2445 iiber
677 2412 728 2444 die
746 2410 895 2443 Gewalt-

217 2461 292 2492 that
333 2471 359 2492 c.
408 2461 450 2493 33
491 2459 524 2491 in
549 2458 629 2490 Rom
667 2458 894 2498 beklagenden

218 2504 495 2542 Lacedaemonier
520 2509 590 2536 erst
609 2515 673 2536 von
688 2505 760 2536 dem
774 2503 895 2535 Consul

218 2550 358 2593 Lepidus
397 2552 586 2591 187-186,
622 2561 648 2583 3.
674 2560 700 2582 0.
733 2551 795 2587 43,
832 2549 895 2580 Be-

217 2597 337 2629 scheid.
354 2615 396 2619 ——
412 2599 495 2629 inm
509 2608 540 2629 ee
555 2607 655 2635 conv„
676 2595 743 2636 vgl.
763 2596 817 2635 33,
843 2596 893 2635 12,

976 1316 1004 1346 5.
1039 1331 1082 1336 -—
1120 1316 1265 1353 ctz'scept„
1308 1314 1426 1345 anders
1465 1313 1515 1345 als
1557 1314 1576 1354 ἓ
1617 1316 1653 1347 3:

974 1360 1197 1391 untersuchen
1240 1359 1303 1390 und
1347 1360 1531 1400 erkenuen,
1577 1364 1651 1391 ent-

973 1405 1139 1443 scheiden,
1166 1405 1270 1436 daher
1284 1408 1454 1446 finituros,
1478 1416 1503 1437 S.
1522 1406 1577 1447 35,
1601 1407 1654 1445 17,

974 1452 1012 1490 23
1038 1453 1092 1492 40,
1126 1453 1241 1492 17,1;
1270 1453 1324 1492 41,
1354 1453 1407 1491 20,
1434 1452 1463 1493 1,
1489 1461 1529 1482 zu
1547 1451 1578 1491 3,
1597 1453 1651 1492 40,

976 1498 1036 1536 113
1070 1496 1136 1527 Cic.
1173 1501 1256 1528 orat.
1292 1500 1378 1539 part.
1414 1498 1451 1537 3,
1497 1498 1554 1530 10:
1598 1504 1655 1529 aut

971 1545 1167 1574 auscultator
1192 1550 1235 1575 est
1259 1545 1347 1574 modo
1375 1545 1435 1583 qui
1460 1544 1568 1584 audit,
1596 1549 1652 1576 aut

972 1590 1177 1627 disceptator,
1206 1591 1242 1620 id
1262 1595 1324 1629 est,
1351 1591 1400 1620 rei
1421 1591 1655 1629 sententiaeque

972 1637 1172 1672 moder-atem
1198 1637 1242 1666 ita
1268 1641 1301 1666 ut
1329 1641 1386 1666 aut
1413 1636 1577 1666 delectetur
1598 1641 1654 1667 aut

971 1686 1093 1712 statuat
1117 1683 1263 1721 aliquid;
1287 1683 1397 1712 statuit
1418 1686 1522 1711 autem
1544 1687 1600 1712 aut
1615 1683 1653 1713 de

964 1728 1160 1765 praeteritis,
1185 1733 1220 1758 ut
1247 1728 1352 1765 index,
1377 1732 1432 1758 aut
1455 1727 1653 1767 defuturis,

971 1778 1006 1803 ut
1040 1778 1179 1804 senatus.
1220 1790 1265 1794 —
1301 1783 1338 1804 ea:
1368 1774 1457 1812 joed.
1487 1771 1576 1802 kann
1611 1783 1652 1804 zu

970 1829 1064 1859 aqere
1090 1820 1158 1857 lia,
1197 1818 1277 1850 aber
1302 1818 1386 1849 auch
1411 1828 1451 1849 zu
1479 1819 1653 1851 decressent

971 1873 1116 1904 gezogen
1148 1863 1301 1902 werden,
1336 1874 1361 1895 s.
1393 1873 1419 1894 c.
1458 1865 1517 1904 13,
1551 1866 1579 1896 8.
1605 1881 1649 1886 -

969 1912 1046 1949 suz's,
1087 1920 1111 1940 s.
1155 1910 1209 1951 35,
1249 1911 1304 1949 42,
1347 1910 1377 1942 S.
1416 1927 1460 1931 —
1503 1915 1569 1941 tum
1606 1908 1650 1940 im

971 1953 1180 1995 Gegensatze
1223 1966 1262 1986 zu
1302 1955 1360 1987 der
1393 1955 1529 1997 spatern
1562 1954 1648 1996 Zeit‚

969 2010 993 2031 3.
1020 1999 1181 2032 Periocha
1207 2003 1268 2040 51;
1296 2002 1348 2034 52.
1378 2018 1418 2022 -—
1447 2003 1572 2040 novari,
1599 2000 1649 2033 sie

969 2046 1074 2077 sollen
1116 2046 1148 2077 in
1192 2047 1263 2078 dem
1297 2046 1497 2078 achiiischen
1537 2046 1648 2078 Bunde

968 2091 1111 2132 bleiben,
1136 2102 1200 2123 von
1219 2091 1300 2124 Rom
1320 2092 1411 2124 nicht
1434 2092 1484 2124 als
1508 2094 1652 2124 dediticii

970 2136 1230 2178 aufgenommen,
1256 2138 1337 2170 aber
1362 2139 1447 2170 auch
1473 2138 1565 2169 nicht
1588 2138 1647 2170 he-

968 2183 1079 2224 kriegt
1100 2184 1243 2216 werden.
1270 2202 1316 2207 -——
1339 2191 1460 2222 tamen,
1495 2183 1648 2225 obgleich

968 2239 1040 2260 man
1068 2230 1129 2261 den
1153 2229 1309 2262 Achaern
1335 2239 1466 2270 grosses
1494 2228 1648 2262 Gewicht

967 2274 1121 2316 heilegte,
1149 2275 1245 2307 ihnen
1272 2275 1342 2307 also
1361 2275 1414 2308 die
1432 2274 1649 2316 Ausfiihrung

967 2320 1058 2352 ihrer
1099 2322 1290 2353 Beschliisse
1331 2321 1433 2360 hatte,
1475 2324 1646 2362 gestatten

964 2366 1092 2405 sollen,
1130 2377 1167 2399 so
1200 2385 1242 2389 —-
1268 2367 1361 2398 doch.
1386 2385 1431 2389 —
1457 2369 1495 2399 de
1519 2368 1645 2407 Laced„

965 2413 1032 2452 36,
1059 2414 1119 2452 35,
1147 2415 1176 2446 5.
1204 2431 1249 2435 —-
1273 2415 1428 2452 aeez'per.,
1453 2413 1646 2451 annahmen,

964 2468 1001 2488 so
1026 2458 1218 2499 aulsassten,
1247 2458 1367 2490 ebenso
1393 2461 1646 2498 interpretaren-

964 2510 1039 2542 tur,
1068 2506 1105 2545 3,
1133 2506 1193 2544 36,
1221 2506 1260 2545 43
1287 2506 1326 2544 6,
1360 2505 1418 2545 16,
1446 2506 1464 2536 7
1489 2515 1519 2535 υ.
1545 2513 1575 2535 a.
1601 2521 1645 2526 —

964 2551 1021 2581 hac
1056 2557 1145 2590 pot,
1188 2549 1241 2582 die
1285 2549 1382 2581 ihnen
1427 2550 1511 2581 nach
1554 2549 1646 2581 ihrer

966 2595 1119 2636 Deutung
1145 2595 1321 2637 gegebene.
