1747 2841
229 129 310 170 100

659 123 785 158 LIBER
810 121 974 157 XXXVI.
1008 121 1100 154 CAP.
1128 124 1158 156 8.
1188 124 1218 156 9.

1500 129 1525 147 a.
1545 128 1572 147 u.
1591 119 1654 146 563.

226 242 324 270 num
352 230 399 269 ad
428 229 590 281 legenda
620 240 708 267 ossa
730 227 988 267 Macedonum
1010 227 1111 266 circa
1132 224 1455 278 Cynoscephalas,
1487 223 1553 263 ubi
1584 224 1653 263 de-

187 305 209 336 4
227 287 410 326 bellatum
442 291 524 325 erat
549 297 639 324 cum
661 284 855 335 Philippo,
883 283 999 331 misit,
1031 283 1112 322 sive
1142 282 1189 321 31)
1220 283 1318 333 ipso,
1350 286 1561 331 quaerente
1580 279 1653 319 sibi

229 342 610 383 commendationem
630 341 677 380 ad
701 340 959 380 Macedonum
983 345 1138 391 gentem
1160 344 1196 378 et
1217 337 1404 377 invidiam
1424 337 1517 388 regi,
1548 336 1656 389 quod
1677 360 1681 364 -

226 400 444 451 insepultos
473 398 613 437 milites
632 397 864 448 reliquisset,
885 396 1071 443 monitus,
1094 396 1175 434 sive
1196 394 1243 434 31)
1264 394 1378 434 insita
1398 393 1554 445 regibus
1586 405 1654 432 va-

187 471 208 503 5
227 457 343 495 nitate
366 456 412 495 ad
432 454 638 494 consilium
658 454 786 505 specie
807 453 992 504 amplum,
1022 465 1065 491 re
1087 453 1202 491 inane
1222 451 1353 490 animo
1377 450 1537 489 adiecto,
1588 455 1654 489 tu-

228 513 359 552 mulus
380 517 437 551 est
458 512 498 551 in
521 523 646 550 unum
670 510 837 556 ossibus,
869 522 968 560 quae
990 509 1135 560 passim
1158 513 1275 547 strata
1295 513 1414 553 erant,
1446 518 1654 545 coacerva—

227 570 274 608 tis
301 571 438 615 factuS,
467 568 533 619 qui
563 567 709 606 nullam
741 566 900 618 gratiam
928 565 975 604 acl
1003 564 1246 611 Macedonas,
1274 564 1408 603 odium
1438 563 1577 615 ingens
1607 563 1655 601 ad

187 639 208 670 6
226 625 451 676 Philippum
482 624 613 662 movit.
654 624 785 673 itaque
806 623 873 674 qui
893 622 941 661 ad
963 622 1002 661 id
1021 628 1177 672 tempus
1199 623 1398 660 fortunam
1421 625 1522 659 esset
1543 618 1654 658 habi-

225 688 339 721 turus
362 681 402 719 in
425 680 601 726 consilio,
622 680 654 719 is
677 680 871 730 extemplo
893 679 941 718 ad
953 679 1002 718 M.
1014 677 1202 717 Baebium
1223 682 1519 728 propraetorem
1541 675 1657 721 misit,

224 737 464 777 Antiochum
494 737 535 775 in
559 736 796 775 Thessaliam
827 736 1017 786 impetum
1040 735 1190 781 fecisse,
1222 734 1254 773 si
1275 733 1472 772 videretur
1493 732 1538 778 ei,
1563 744 1654 771 mo-

225 801 333 833 veret
343 806 390 833 ex
399 793 594 840 hihernis3
616 805 657 832 se
669 792 823 832 obviam
836 804 1129 844 processurum,
1153 796 1206 837 ut,
1230 789 1323 841 quid
1335 789 1532 841 agendum
1544 794 1656 835 esset,

226 851 503 890 consultarent.

340 906 532 945 Antiocho
553 906 601 945 ad
623 905 768 944 Pheras
790 905 867 944 iam
888 910 1011 944 castra
1031 903 1197 951 habenti,
1229 903 1296 942 ubi
1317 902 1602 941 coniunxerant
1622 901 1658 941 ei

230 977 271 1002 se
301 963 427 1002 Aetoli
457 970 494 1002 et
523 962 786 1014 Amynander,
817 961 928 1012 legati
959 961 1005 1000 ab
1030 961 1162 1000 Larisa
1190 964 1384 998 venerunt
1413 963 1656 1009 quaerentes,

189 1041 210 1072 2
230 1019 336 1071 quod
360 1019 410 1058 ol)
434 1021 580 1058 factum
596 1019 792 1057 dictumve
803 1018 1085 1057 Thessalorum
1100 1017 1199 1056 hello
1220 1016 1426 1055 lacesseret
1438 1027 1517 1061 eos,
1540 1014 1657 1053 simul

230 1082 397 1122 orantes,
429 1081 472 1115 ut
493 1081 644 1115 remoto
667 1075 839 1114 exercitu
860 1087 930 1126 per
950 1074 1107 1125 legatos,
1129 1073 1161 1112 si
1185 1072 1277 1124 quid
1303 1073 1336 1111 ei
1357 1071 1565 1117 videretur,
1592 1083 1655 1109 se-

230 1234 285 1272 33,
312 1234 342 1265 7.
358 1249 401 1254 —-
417 1233 462 1263 ad
484 1233 539 1273 leq.
566 1242 636 1263 ossa,
660 1235 735 1269 etc„
761 1230 813 1262 die
834 1230 906 1262 Mo-

229 1278 301 1309 tive
336 1277 393 1309 des
427 1276 648 1316 verkehrten,
679 1277 763 1309 „dem
800 1275 906 1307 Rathe

230 1322 412 1355 Hannibals
437 1332 463 1353 o.
492 1324 511 1355 7
539 1321 660 1363 gerade
681 1326 907 1362 entgegeuge-

228 1372 356 1401 setzten
394 1365 599 1400 Verfahrens
633 1366 769 1398 werden
806 1366 839 1398 in
871 1368 909 1398 ab

228 1418 296 1454 ipso
313 1432 355 1437 —
373 1415 445 1455 γεμί
461 1412 664 1453 angegeben,
690 1412 811 1444 ebeuso
825 1411 908 1454 App.

229 1470 255 1491 c.
277 1461 334 1492 16:
364 1459 594 1505 δημοκοπῶν
611 1458 646 1496 ἐς
666 1454 907 1498 Ινὶακεδόνας,

228 1507 291 1538 καὶ
322 1505 520 1537 Φίλιππον
545 1500 672 1541 αὐτοῖς
696 1501 910 1546 διαβάλλων

229 1555 291 1582 etc.
317 1567 362 1572 -—
385 1551 423 1581 ab
460 1551 546 1589 ipso,
584 1549 642 1580 der
669 1547 834 1589 Urheber3
872 1550 910 1581 ab

230 1599 292 1630 ins.
318 1595 351 1627 in
366 1593 392 1626 F
397 1595 481 1635 olge.
506 1596 575 1635 szso
603 1594 703 1634 kann,
727 1595 767 1626 da
792 1596 829 1626 ab
854 1597 908 1627 in-

229 1644 292 1674 sita
333 1645 395 1672 etc.
439 1640 712 1681 entgegensteht,
757 1650 819 1671 nur
853 1638 913 1671 auf

230 1686 314 1718 Phil.
337 1685 500 1727 Megalop.
526 1685 672 1726 bezogen
696 1685 849 1728 werden3
875 1696 908 1717 eo

229 1732 487 1764 hinzuzusetzen
520 1740 592 1762 war
613 1730 705 1762 nicht
731 1731 908 1762 nothweu-

230 1777 306 1819 dig,
338 1777 380 1808 da
405 1777 463 1808 der
491 1776 709 1808 Bezeichnete
736 1776 818 1808 eben
847 1786 906 1817 ge-

231 1827 335 1855 nannt
358 1822 421 1863 ist,
457 1833 481 1855 5.
516 1820 574 1862 10,
604 1823 643 1862 6,
672 1823 730 1863 10,
757 1821 826 1862 vgl.
852 1822 907 1863 38,

230 1871 294 1910 49,
323 1870 374 1901 11.
402 1886 441 1889 —
468 1868 531 1899 sibi
552 1865 612 1898 auf
633 1867 691 1898 das
719 1866 750 1898 in
777 1869 814 1899 ab
839 1869 907 1907 ipso

229 1913 382 1955 liegende
428 1912 576 1954 logische
616 1911 708 1953 Subj.
757 1923 797 1944 zu
848 1912 906 1944 be-

231 1959 365 1998 ziehen3
399 1959 454 1997 38,
488 1959 542 1999 21,
572 1959 591 1990 3
625 1969 655 1989 u.
687 1968 726 1999 o.,
752 1956 908 1990 Hiihnast

231 2007 285 2038 98.
303 2022 343 2027 —
372 2006 415 2036 ad
435 2010 530 2045 yona,
554 2013 608 2034 um
635 2003 706 2035 sich
732 2003 830 2035 ihnen
856 2004 905 2035 als

230 2049 340 2091 Honig
365 2060 406 2081 zu
430 2047 625 2091 empfehlen.
651 2067 695 2070 —
720 2051 757 2081 ab
781 2051 853 2090 ima,
879 2060 904 2080 s.

231 2097 293 2137 38,
319 2098 379 2136 50,
413 2095 462 2127 12.
489 2112 535 2117 -
558 2097 716 2134 amplum,
753 2092 905 2136 umfang-

229 2141 341 2181 reich,
377 2140 571 2172 bedeutend.
597 2157 640 2162 —
664 2142 794 2179 tumul„
823 2138 904 2182 App.

231 2186 374 2220 ἔθαπτε
391 2185 711 2231 μεγαλοπρεπῶς;
728 2184 806 2216 Tac.
821 2185 903 2216 Anu.

235 2236 270 2273 1,
297 2233 358 2265 62:
395 2233 567 2263 extruendo
597 2234 720 2263 tmmdo
744 2233 906 2270 caespitem

229 2279 344 2309 Caesar
369 2278 492 2316 posuit.
517 2294 558 2299 —
600 2283 644 2309 est
667 2276 712 2308 ist
737 2275 905 2318 Pr'zidicat,

220 2324 333 2363 sactus
359 2321 535 2364 Particip.,
572 2332 597 2353 s.
626 2324 688 2363 35,
715 2324 752 2362 9,
783 2323 819 2362 13
857 2322 908 2354 die

230 2367 484 2408 NVortstellung
515 2366 559 2399 ist
592 2366 675 2408 frei3
715 2367 766 2399 die
791 2367 907 2399 Bezie-

230 2414 319 2454 hung
336 2411 396 2444 auf
412 2412 463 2444 die
484 2411 687 2453 Gegenwart
704 2412 771 2444 wol
788 2411 905 2455 Polyb.

230 2458 388 2489 entlehnt.
402 2460 503 2499 quin.
519 2458 636 2490 dessen
652 2458 773 2490 Dasein
793 2459 906 2500 sehon,

227 2508 271 2534 st.
296 2515 360 2545 quo
376 2505 469 2544 saeco
493 2505 672 2536 Antiochus
697 2508 759 2536 etc.
778 2504 907 2545 —for-

228 2556 297 2581 tem.
330 2552 364 2580 2‘72
398 2561 422 2580 c.
455 2550 543 2590 hab„
570 2559 610 2581 zu
636 2549 744 2581 Rathe
777 2549 904 2591 ziehen,

975 1230 1050 1261 sich
1076 1229 1179 1261 leiten
1200 1229 1310 1261 lassen
1328 1238 1404 1268 von,
1434 1226 1525 1259 Curt.
1544 1228 1575 1266 3,
1605 1227 1656 1267 13,

980 1276 1038 1308 12;
1054 1277 1231 1317 fortunam
1257 1285 1356 1306 meam
1381 1276 1416 1305 in
1443 1274 1575 1305 oonsilio
1600 1273 1656 1304 Iea-

976 1322 1063 1358 buz't;
1088 1319 1171 1352 Plin.
1191 1319 1251 1362 Ep.
1283 1321 1311 1361 1,
1336 1321 1391 1361 20,
1410 1319 1471 1358 233
1497 1317 1657 1360 Appiam:

979 1363 1179 1405 ἐνδοιάζων
1221 1365 1275 1399 ἔτι
1313 1366 1376 1397 καὶ
1414 1363 1657 1410 περισκοπῶν

978 1408 1188 1456 ὁποτέρωσε
1199 1413 1420 1457 προσθοῖτο.
1432 1427 1475 1432 —
1483 1415 1656 1449 propraec„

978 1457 1020 1488 da
1047 1456 1197 1498 sogleich
1225 1456 1313 1497 folgt
1336 1461 1471 1488 moveret
1495 1466 1532 1487 ex
1547 1456 1656 1487 hiber-

977 1504 1041 1544 πίε,
1070 1503 1136 1534 und
1160 1502 1218 1534 der
1238 1501 1369 1542 Anfang
1386 1501 1442 1533 des
1463 1499 1656 1532 Consulats-

974 1547 1102 1589 jahres,
1120 1548 1179 1579 der
1199 1549 1251 1581 15.
1267 1546 1375 1588 Mam,
1395 1546 1522 1578 damals
1539 1545 1658 1578 mitten

979 1594 1011 1625 iu
1039 1594 1101 1625 den
1122 1593 1258 1626 &Vinter
1281 1592 1346 1634 fiel,
1371 1603 1396 1624 s.
1422 1602 1450 1624 c.
1476 1594 1508 1633 6,
1537 1593 1574 1631 93
1603 1592 1656 1632 10,

980 1639 1040 1680 13,
1077 1649 1114 1670 so
1151 1639 1273 1670 kounte
1311 1638 1369 1669 das
1401 1636 1575 1678 Amtsjahr
1600 1637 1656 1669 des

978 1684 1119 1716 Baebius
1144 1684 1246 1715 sehon
1272 1681 1468 1724 abgelaufen
1489 1682 1579 1723 sein,
1606 1682 1656 1725 :er

976 1729 1214 1761 commandirte
1240 1729 1299 1761 das
1324 1728 1410 1760 Heer
1434 1739 1495 1760 nur
1524 1727 1573 1760 bis
1598 1738 1657 1760 zur

976 1773 1127 1807 Ankunft
1144 1776 1200 1807 des
1221 1774 1371 1814 Consuls,
1390 1784 1417 1805 c.
1441 1776 1492 1815 14,
1515 1775 1550 1814 13
1570 1774 1656 1805 auch

978 1831 1004 1853 c.
1041 1822 1103 1861 22,
1141 1822 1160 1855 8
1197 1821 1257 1852 hat
1287 1830 1325 1852 er
1358 1819 1412 1852 ein
1437 1819 1654 1859 Command03

975 1866 1056 1909 App.
1084 1870 1184 1898 neunt
1207 1865 1264 1897 ihu
1290 1861 1507 1910 στρατηγόν.
1527 1875 1657 1904 —pro-

976 1923 1061 1952 cess„
1086 1911 1146 1943 mit
1170 1911 1241 1943 dem
1266 1910 1383 1951 Heere,
1409 1921 1435 1942 c.
1464 1912 1516 1951 10,
1545 1911 1596 1944 10.

1023 1955 1061 1994 9.
1103 1959 1201 1991 1—7.
1240 1958 1404 1989 Antiocho
1439 1974 1484 1979 -—
1517 1958 1656 1989 venienti

975 2003 1021 2035 ist
1048 2001 1115 2034 wol
1143 2003 1185 2033 ad
1202 2002 1303 2034 Dativ
1327 2013 1368 2034 zu
1396 2002 1545 2044 nehmen,
1572 2012 1598 2033 s.
1625 2003 1654 2043 1,

976 2050 1008 2090 7,
1037 2050 1070 2081 1:
1090 2050 1442 2088 priori—veneramen
1467 2049 1522 2087 24,
1542 2049 1572 2089 7,
1592 2048 1653 2087 123

975 2098 1068 2126 sonst
1092 2094 1178 2125 auch
1203 2093 1268 2125 abl.
1295 2094 1374 2133 abs„
1399 2104 1425 2125 5.
1453 2103 1480 2124 c.
1511 2095 1568 2133 14,
1597 2094 1647 2126 12,

974 2142 1049 2178 iam,
1077 2149 1113 2171 er
1138 2139 1182 2171 ist
1207 2139 1279 2171 dem
1297 2138 1479 2181 Philippus,
1507 2149 1536 2173 c.
1562 2139 1594 2179 8,
1621 2139 1653 2178 3,

975 2183 1113 2226 gefolgt.
1130 2189 1176 2206 '—-
1193 2187 1278 2226 quod
1300 2186 1344 2216 ob.
1371 2184 1437 2226 vgl.
1462 2186 1516 2227 35,
1542 2185 1596 2224 38,
1624 2185 1653 2218 S.

975 2248 1020 2252 —
1044 2232 1192 2269 Thessal„
1218 2230 1258 2261 da
1285 2229 1421 2262 Larissa
1447 2229 1499 2261 die
1526 2228 1653 2271 Haupt-

974 2276 1065 2308 stadt
1090 2276 1148 2307 der
1174 2275 1352 2307 Thessaler
1380 2275 1442 2315 ist,
1480 2274 1579 2307 reden
1604 2274 1653 2306 sie

978 2321 1021 2352 im
1048 2320 1175 2353 Namen
1209 2321 1400 2361 derselben3
1433 2331 1483 2353 eos
1507 2320 1654 2351 darnach

977 2366 1041 2398 wie
1068 2368 1121 2409 35,
1147 2368 1202 2407 42,
1229 2369 1258 2399 4.
1279 2385 1316 2390 -
1337 2368 1428 2408 quid,
1453 2376 1480 2397 e.
1500 2367 1530 2405 5,
1551 2366 1583 2399 3.
1609 2382 1653 2388 —

979 2414 1124 2452 Hippea,
1139 2411 1200 2443 auf
1212 2410 1411 2443 Inschriften
1428 2406 1652 2455 Ἱππόλοχος

974 2454 1652 2503 ἈλεξίππουΛιιρισαῖος,1ν3111·50115111-

978 2503 1046 2534 lich
1065 2505 1130 2536 570
1144 2513 1172 2535 a.
1191 2514 1221 2535 u.
1244 2502 1364 2534 Priitor
1383 2503 1442 2534 der
1459 2501 1650 2543 Thessaler,

975 2559 999 2579 5.
1021 2550 1075 2590 35,
1102 2550 1155 2589 39,
1182 2550 1213 2589 4,
1235 2548 1299 2580 wie
1319 2548 1378 2580 der
1398 2546 1418 2589 ξ
1441 2549 1459 2580 5
1480 2547 1653 2579 erwiihnte
