1747 2841
86 122 118 146 2.
135 113 187 142 ch.
207 115 269 142 189.
487 114 610 148 LIBER
639 114 817 149 xxxvii.
854 115 946 148 cAP.
972 117 1025 150 52.
1052 117 1104 149 53.
1423 115 1505 156 247

90 218 164 258 sihi
191 218 238 258 ab
259 222 393 257 senatu
415 218 640 268 populoque
661 219 836 257 Romano
862 217 976 256 tribui
996 229 1164 267 aequum
1188 223 1381 257 censeret:
1412 231 1507 269 pro-

90 275 250 326 pensius
272 274 594 325 cumulatiusque,
625 274 657 313 si
681 286 758 325 quo
788 275 920 325 possit,
944 280 1061 324 prout.
1082 274 1164 312 eius
1188 274 1320 312 merita
1336 275 1423 319 sint,
1444 287 1506 313 se-

90 338 223 370 natum
246 333 451 377 facturum,
478 331 524 369 ad
548 343 590 369 ea
612 344 691 377 rex,
711 332 742 370 si
763 331 809 369 ab
832 330 916 369 aliis
939 330 1010 369 sibi
1033 330 1296 380 praemiorum
1318 331 1423 381 optio
1436 331 1505 369 de-
1523 347 1543 378 7

91 391 269 434 serretur,
301 387 475 433 libenter,
507 387 591 426 data
622 387 739 426 modo
770 387 944 426 facultate
973 386 1200 425 consulendi
1231 394 1406 426 senatum
1424 387 1505 426 Ro-

86 456 259 490 manum,
290 444 450 482 consilio
481 444 705 495 amplissimi
739 443 885 482 ordinis
907 456 1072 482 usurum
1096 444 1228 489 fuisse,
1260 456 1307 481 ne
1330 443 1421 494 quid
1443 449 1508 482 aut

88 500 342 539 immoderate
383 500 537 550 cupisse
568 507 633 539 aut
663 501 804 551 petisse
834 512 971 551 parum
1000 500 1172 538 modeste
1204 500 1324 538 videri
1352 506 1504 550 posset,

85 569 222 596 verum
245 557 443 595 enimvero
468 570 555 595 cuin
580 557 651 607 ipsi
673 557 797 595 daturi
818 557 904 601 sint,
926 556 1045 594 multo
1070 557 1189 607 inagis
1204 557 1505 595 munificentiam
1525 566 1545 599 8

84 625 222 652 eorum
252 613 291 651 in
323 626 363 651 se
393 616 608 663 fratresque
639 626 732 652 suos
755 614 932 664 ipsorum
956 612 1101 651 arbitrii
1122 612 1262 651 debere
1287 626 1381 651 esse.
1412 613 1505 651 nihil
1524 620 1544 652 9

83 669 155 708 hac
181 670 354 708 oratione
378 670 459 708 eius
484 678 608 720 patres
633 670 840 720 conscripti
863 669 1031 708 deterriti
1053 676 1154 715 sunt,
1184 682 1261 720 quo
1295 670 1424 708 minus
1445 669 1504 708 di-

83 738 171 765 cere
201 727 329 777 ipsum
362 727 551 772 iuberent,
582 733 628 771 et,
660 739 749 764 cuin
779 725 1014 776 aliquamdiu
1042 726 1132 764 hinc
1159 726 1395 776 indulgentia
1418 726 1507 764 hinc

85 782 271 821 modestia
311 784 408 821 inter
450 783 704 833 permittentis
736 783 774 821 iu
807 783 927 820 vicem
958 794 1037 820 non
1069 783 1190 833 magis
1223 789 1355 821 mutua
1388 794 1503 832 quam

82 839 339 890 inexplicabili
372 840 544 878 facilitate
566 846 751 877 certatum
773 845 884 883 esset,
916 839 1112 877 Eumenes
1134 851 1180 877 ex
1203 839 1346 889 templo
1369 851 1493 877 exces-

82 896 141 934 sit.
189 902 344 934 senatus
376 897 413 934 iu
441 896 572 934 eadem
605 902 775 946 perstare
807 896 1004 941 sententia,
1038 902 1075 933 ut
1101 895 1314 934 absurdum
1339 907 1422 934 esse
1443 895 1502 933 di—
1526 907 1565 938 10

82 959 185 991 ceret
209 953 390 1003 ignorare
413 964 556 1003 regem,
578 952 670 1002 quid
693 964 854 1002 sperans
877 959 942 990 aut
965 958 1098 1002 petens
1120 952 1288 997 venerim
1321 964 1417 1002 quae
1438 964 1503 990 ac-

83 1009 326 1047 commodata
358 1021 478 1059 regno
511 1021 582 1047 suo
610 1009 706 1055 sint,
736 1009 865 1059 ipsum
898 1009 1042 1059 optime
1073 1009 1189 1053 scire3
1232 1008 1361 1047 Asiam
1391 1009 1506 1059 longe

82 1065 220 1104 melius
252 1078 367 1115 quam
403 1072 579 1104 senatum
608 1078 745 1111 nosse,
776 1065 1039 1103 revocandum
1071 1065 1188 1115 igitur
1215 1071 1251 1103 et
1273 1065 1506 1116 cogendum,

82 1133 180 1172 quae
211 1122 322 1161 vellet
352 1134 529 1172 quaeque
561 1123 731 1168 sentiret,
762 1134 1003 1173 expromere.
1052 1122 1248 1160 Reductus
1277 1135 1298 1160 a
1328 1127 1506 1172 praetore
1525 1128 1583 1168 53

80 1178 121 1216 in
151 1179 340 1229 templum
365 1191 432 1217 rex
454 1184 491 1217 et
511 1178 638 1217 dicere
661 1178 790 1217 iussus
814 1182 1173 1228 „perseverassem“
1194 1178 1322 1228 inquit
1343 1184 1505 1225 „tacere,

80 1240 207 1285 patres
231 1235 453 1286 conscripti,
482 1235 554 1273 nisi
576 1235 820 1273 Rhodiorum
842 1235 1072 1285 legationem
1095 1247 1187 1273 mox
1209 1241 1416 1274 vocaturos
1436 1247 1506 1273 vos

80 1291 232 1338 scirem,
263 1299 300 1330 et
320 1292 392 1330 illis
414 1291 552 1329 auditis
578 1292 670 1329 mihi
691 1291 955 1330 necessitatem
980 1293 1063 1329 fore
1087 1291 1250 1330 dicendi.
1297 1304 1394 1341 quae
1416 1291 1505 1342 qui-
1525 1297 1544 1329 2

81 1416 270 1446 verecundia
305 1424 355 1445 am
389 1413 481 1445 Ortc.
521 1432 564 1436 --
600 1418 758 1454 cumulat„

81 1459 132 1491 als
157 1469 193 1491 er
220 1458 365 1493 fordern,
392 1463 559 1491 erwarten
585 1460 700 1491 kiiuue.
716 1479 760 1482 —

79 1508 112 1537 si
141 1516 223 1546 quo,
257 1506 319 1543 26,
346 1506 385 1544 9,
419 1506 449 1537 9.
477 1512 652 1545 —p'ae-out,
689 1506 759 1537 dem

78 1550 339 1593 eutsprechend,
373 1550 436 1582 wie
469 1569 512 1572 —
546 1550 653 1582 scien.
692 1551 758 1592 vgl.

78 1596 134 1635 38,
161 1599 215 1635 40,
245 1598 304 1637 143
325 1597 354 1636 S,
387 1597 440 1628 21.
471 1598 504 1629 1;
524 1604 625 1635 prout
649 1599 759 1628 cuius-

76 1652 139 1682 que
178 1644 340 1684 inqem'um
375 1648 532 1673 e1·at.-—
568 1645 682 1682 cepzlese
715 1661 758 1665 —

70 1690 208 1727 petisse,
242 1686 441 1728 chiastisch‚
483 1686 621 1729 Polyb„
665 1684 756 1733 μήτ’

77 1733 283 1779 ἐπιθυμεῖν
299 1730 459 1778 μηδενὸς
476 1746 576 1777 πιιοα
604 1730 644 1766 τὸ
672 1733 758 1767 δεοι

76 1774 175 1830 μήτ’
217 1769 345 1817 εἶξιοιν
389 1778 509 1824 μηδὲν
553 1790 647 1825 πέρα
691 1779 757 1812 τοῦ

78 1826 156 1856 καθ·
158 1836 318 1866 ηκοντος.
344 1842 388 1845 -
413 1835 522 1856 terum
548 1835 571 1857 e.
597 1836 625 1856 2.
677 1824 757 1856 abe-1·

77 1873 156 1907 erst,
182 1869 479 1901 nachdriicklicher
504 1870 554 1901 als
579 1870 636 1901 das
663 1875 757 1902 sonst

77 1915 161 1946 nach
185 1918 216 1946 εἰ
237 1914 443 1947 eintretende
467 1927 572 1955 nume,
603 1916 665 1955 36,
701 1917 755 1957 ό9,

78 1962 117 1999 Τ,
156 1960 223 2001 vgl.
258 1960 301 1992 ib.
335 1963 372 2002 5,
408 1963 437 1993 7.
472 1979 516 1984 —
540 1964 637 1993 multo
661 1973 754 2004 may„

77 2005 125 2037 als
167 2010 266 2038 unter
307 2006 368 2038 den
410 2005 430 2048 ξ
467 2009 486 2039 ’7
523 2007 755 2048 angegebenen

76 2050 344 2084 Verhiiltnissen.
377 2070 421 2074 —
458 2054 588 2091 arbitr„
618 2054 672 2092 39,
701 2054 755 2093 53,

77 2098 114 2130 6:
139 2099 194 2129 vix
213 2101 268 2130 sui
289 2099 420 2130 arbitrii
434 2100 534 2140 fore,-
558 2099 614 2139 42,
639 2101 693 2135 ‚31,
723 2101 741 2132 5

121 2143 244 2176 9—10
270 2154 340 2174 cum
363 2147 440 2184 aliq.
458 2161 500 2165 —
518 2147 656 2184 excessit,
683 2142 753 2176 Pol.

76 2197 157 2220 nur:
191 2188 336 2240 ἕμειζει
367 2189 555 2229 (Eumenes)
588 2189 651 2223 ἐπὶ
692 2190 754 2231 τῆς

76 2232 187 2276 ιιιτῆς
211 2246 372 2286 γνωαης.
402 2230 545 2280 χοῦτοι
578 2232 616 2268 ‹5'
653 2235 754 2288 ἡγι-

76 2281 238 2325 τὀμέπου
273 2276 292 2312 ὁ
327 2279 399 2325 μὲι
422 2279 592 2322 βασιλευς
625 2277 752 2325 ἐξεχώ-

75 2335 193 2370 ρησεν.
217 2342 264 2347 —
296 2326 371 2358 hine
394 2343 437 2348 -
462 2327 554 2367 hinc,
587 2327 615 2365 1,
644 2328 695 2367 13,
724 2329 752 2359 2.

73 2387 117 2392 —-
143 2373 285 2410 invicem,
314 2370 388 2402 abv-
392 2371 564 2411 echselnd,
590 2371 668 2403 bald
694 2372 754 2404 der

73 2414 177 2447 Senat
199 2416 270 2448 dem
295 2414 423 2458 Hfiuige
449 2416 500 2448 die
528 2416 649 2457 Wahl‚
675 2417 752 2449 bald

74 2461 133 2493 der
155 2459 265 2503 Ranig
291 2462 361 2493 dem
387 2461 509 2494 Senate
535 2461 588 2494 die
612 2462 752 2494 Bestim-

71 2516 170 2548 mung
188 2506 366 2549 iiberliess3
386 2514 509 2546 mutua,
536 2508 751 2550 gegenseifig,

71 2551 140 2593 vgl.
167 2553 230 2593 36,
257 2553 318 2591 39,
345 2554 384 2594 63
429 2556 489 2592 40‚
520 2554 553 2593 9,
579 2555 618 2595 83
644 2557 749 2586 etwas

831 1415 949 1445 ander-s
975 1413 1058 1445 Plin.
1085 1413 1142 1456 Ep.
1170 1416 1209 1454 4,
1255 1416 1286 1447 1:
1320 1421 1428 1446 mutuo
1460 1425 1508 1446 me

830 1462 982 1491 Hercule:
1007 1471 1081 1491 nam
1107 1463 1237 1492 [miccm
1253 1471 1311 1491 nos
1328 1461 1510 1492 incredibili

830 1524 869 1527 —
898 1508 1050 1537 desiderio
1074 1508 1172 1537 vestri
1185 1513 1335 1537 tenemur.
1354 1523 1398 1528 —
1419 1508 1507 1537 inex-

821 1554 911 1590 plia..
938 1551 1028 1582 nicht
1057 1561 1094 1582 zu
1122 1551 1333 1583 entwickeln.
1359 1562 1399 1582 zu
1415 1549 1507 1583 Ende

828 1607 867 1628 zu
893 1595 1023 1628 ftihren.
1052 1598 1227 1638 —facz'l.,
1263 1598 1294 1637 3,
1321 1599 1373 1635 70,
1406 1598 1433 1630 1.
1461 1614 1506 1619 -—

827 1653 864 1673 ex
896 1649 916 1674 t.
941 1653 1023 1681 exa,
1050 1643 1111 1681 26,
1142 1643 1276 1681 3o,11;
1300 1641 1343 1673 ib.
1372 1643 1425 1681 31,
1446 1644 1506 1675 11:

826 1690 938 1727 templo
963 1690 1155 1720 excedamus.
1188 1706 1231 1710 —
1270 1694 1307 1719 ut
1332 1705 1373 1709 —
1398 1690 1506 1725 dicer..

827 1734 894 1774 vgl.
921 1733 988 1765 Cic.
1015 1733 1094 1774 Leg.
1121 1735 1158 1773 3,
1192 1735 1255 1773 15,
1283 1734 1345 1775 333
1379 1732 1422 1766 ib.
1453 1735 1505 1774 17,

827 1781 886 1813 38:
927 1782 976 1811 lex
1015 1781 1097 1811 hanc
1135 1782 1318 1812 sententiam
1356 1781 1505 1819 continet,

824 1832 860 1857 ut
886 1828 1005 1857 tolleret
1031 1837 1062 1856 u.
1088 1836 1116 1856 3
1142 1823 1232 1856 Pol.:
1267 1821 1380 1858 αὐτὸν
1414 1823 1506 1866 ὖπρ-

826 1867 1018 1904 δεικιιτιιι
1067 1871 1285 1923 &repemina
1328 1872 1414 1914 mot
1455 1868 1508 1903 ὠν

824 1930 877 1950 πα
883 1927 1014 1963 οεστιπκ
1059 1918 1120 1949 καὶ
1162 1913 1234 1961 γὰρ
1281 1915 1418 1949 εῖδει-αι
1461 1912 1506 1948 τὰ

825 1943 1270 2020 διιιᾳεροπτιιτοῖςῖὃιόις
1286 1957 1378 2005 719127
1384 1972 1508 2015 ’μασιῃ

825 2007 966 2041 ἕκεῖιοι
993 2004 1251 2053 (Ξκοιβέστεροι
1269 2010 1331 2040 καὶ
1350 1988 1395 2039 τὰ
1413 2005 1506 2039 κατὰ

823 2050 890 2096 τὴπ
912 2051 1045 2086 Ἀ’σιαί.
1070 2071 1112 2076 -
1143 2054 1501 2092 accom.,38,59,1.

823 2117 868 2121 --
893 2102 980 2141 lonqe
1004 2099 1062 2130 mit
1087 2099 1157 2131 dem
1187 2098 1334 2140 Compar
1329 2123 1348 2138 .,
1373 2099 1426 2135 24,
1445 2098 1501 2137 28,

825 2147 864 2185 53
894 2147 949 2178 40.
981 2146 1010 2184 6,
1038 2147 1076 2186 ’ῖ;
1101 2148 1192 2176 soust
1219 2145 1311 2176 mehr
1330 2143 1383 2175 bei
1400 2143 1502 2175 Dich-

824 2195 898 2222 tern
928 2190 993 2221 und
1019 2189 1190 2232 Sp'ziteren.

872 2233 940 2272 53.
990 2237 1085 2269 1—5.
1126 2247 1146 2266 a
1170 2241 1292 2275 praet.‚
1331 2234 1408 2266 weil
1448 2234 1500 2267 die

823 2280 965 2313 Consuln
1001 2280 1126 2313 bereits
1164 2280 1197 2312 in
1229 2280 1280 2312 (lie
1314 2279 1499 2312 Provinzen

821 2327 1036 2367 ahgegaugen
1081 2326 1162 2358 sind.
1230 2325 1299 2357 Pol.
1339 2325 1400 2357 hat
1447 2325 1500 2357 die

822 2372 959 2414 Angabc
985 2372 1097 2412 nichtz,
1130 2371 1181 2403 die
1205 2371 1293 2404 Rede
1328 2370 1432 2403 selbst
1456 2371 1502 2402 ist

821 2418 880 2449 mit
914 2417 1042 2459 einigeu
1079 2417 1344 2458 Abanderungeu
1377 2416 1499 2449 diesem

821 2463 982 2496 entlehnt.
1043 2463 1214 2494 Zun'achst
1257 2462 1402 2494 arbeitet
1441 2462 1500 2494 der

821 2508 953 2541 Redner
978 2509 1038 2540 den
1066 2507 1235 2540 Rhodiern
1260 2513 1432 2549 entgegen.
1453 2526 1496 2530 ——

822 2557 885 2587 illis
907 2557 982 2587 aad.
1010 2553 1070 2586 auf
1098 2554 1156 2586 das
1182 2553 1318 2595 Subject
1346 2553 1378 2585 in
1404 2565 1498 2586 voca—
