1747 2841
112 131 143 149 a.
159 121 212 150 ch.
234 123 294 150 191.

116 227 160 266 P.
182 227 374 278 Scipionis
394 226 551 265 Nasicae
578 226 786 277 imaginem
818 230 912 266 sore.
951 226 1158 266 universus
1180 232 1336 265 senatus
1358 239 1436 266 non
1459 229 1542 278 ipse
1564 232 1604 264 10

525 122 649 155 LIBER
674 122 838 157 XXXVI.
875 123 967 157 CAP.
995 126 1048 159 40.
1074 126 1128 159 41.

1462 124 1540 167 151

117 284 234 322 modo
255 283 301 322 ad
323 282 614 321 decernendum
635 284 878 334 triumphum
904 283 1113 329 consensit,
1136 283 1201 321 sed
1215 283 1325 321 etiam
1339 283 1541 323 tribunum

117 339 239 391 plebis
266 339 490 378 auctoritate
520 351 589 377 sua
617 341 803 390 compulit
831 340 876 378 ad
908 339 1180 378 remittendam
1208 339 1541 379 intercessionem.

116 396 159 434 P.
190 395 393 435 Cornelius
425 396 563 433 consul
591 396 840 447 triumphavit
863 396 910 434 dc
930 396 1030 434 Bois.
1069 395 1108 433 in
1131 407 1176 433 eo
1201 396 1400 446 triumpho
1425 397 1540 435 Galli·
1564 402 1601 434 11

116 452 170 490 cis
202 451 393 502 carpentis
419 464 523 489 arma
556 452 741 502 signaque
773 458 809 491 et
835 452 956 503 spolia
985 451 1113 490 omnis
1144 452 1295 501 generis
1325 452 1484 490 travexit
1507 458 1542 492 et

117 519 205 546 vasa
227 520 343 547 aenea
364 507 503 546 Gallica
522 514 555 546 et
581 520 670 546 cum
693 509 850 559 captivis
870 507 1066 546 nobilibus
1089 519 1280 557 equorum
1305 520 1463 559 quoque
1477 521 1540 547 ca-

117 571 276 615 ptorum
305 576 460 615 gregem
490 564 669 602 traduxit.

721 577 860 603 aureos
890 570 1051 614 torques
1083 564 1278 603 transtulit
1308 565 1410 603 mille
1442 577 1540 615 qua·
1564 575 1603 608 12

115 620 341 672 dringentos
368 621 608 671 septuaginta
632 633 767 667 uuum,
788 621 833 659 ad
860 621 935 658 hoc
950 620 1033 659 auri
1047 620 1179 671 pondo
1194 620 1357 659 ducenta
1372 622 1541 670 quadra-

117 677 219 728 ginta
250 682 411 727 septem,
443 677 589 727 argenti
615 677 747 715 insecti
777 677 943 727 factique
973 677 1013 714 in
1046 676 1195 715 Gallicis
1223 677 1334 723 vasis,
1365 689 1445 715 non
1477 678 1541 716 in-

115 732 224 771 fabre
244 745 316 771 suo
341 745 451 771 inore
473 734 593 779 sactis,
615 733 692 771 duo
717 733 817 771 milia
838 739 1008 771 trecenta
1031 733 1280 784 quadraginta
1304 733 1450 783 pondo,
1481 733 1542 772 bi-

115 796 294 840 gatorum
326 801 583 828 nummorum
614 790 777 828 ducenta
804 789 956 839 triginta
985 795 1178 839 quattuor.

116 857 278 884 currum
301 846 420 883 secuti
443 851 545 892 sunt,
567 851 753 884 centenos
776 846 934 884 vicenos
955 845 1098 895 quinos
1122 858 1226 884 asses
1238 846 1377 892 divisit,
1399 846 1542 897 duplex

115 902 350 948 centurioni,
382 902 518 952 triplex
550 902 680 952 equiti.
726 908 884 952 postero
916 902 977 940 die
1000 902 1182 940 contione
1206 902 1387 941 advocata
1411 902 1456 941 de
1476 915 1540 941 re-
1564 910 1607 943 14

115 957 189 996 hus
220 957 266 996 ab
298 971 338 996 se
361 959 474 1008 gestis
498 964 534 996 et
553 958 599 995 de
619 958 759 996 iniuria
781 958 928 997 tribuni
950 957 1049 996 hello
1071 958 1195 996 alieno
1218 970 1259 996 se
1280 959 1468 1009 illigantIs,
1499 965 1543 998 ut

115 1026 206 1052 suae
227 1014 408 1052 victoriae
430 1016 560 1053 fructu
583 1026 624 1053 se
646 1014 853 1061 fraudaret,
875 1026 965 1053 cum
987 1014 1244 1061 disseruisset,
1266 1015 1403 1053 milites
1421 1027 1541 1053 exau-

114 1076 282 1109 ctoratos
313 1070 467 1108 dimisit.

227 1127 327 1165 Dum
351 1126 443 1164 haec
464 1126 505 1164 in
526 1126 627 1164 Italia
650 1131 849 1176 geruntur,
884 1125 1098 1165 Antiochus
1122 1127 1266 1177 Ephesi
1289 1139 1451 1166 securus
1472 1127 1541 1166 ad-
1560 1128 1620 1170 41

116 1183 277 1222 modum
301 1183 347 1221 de
368 1182 467 1221 hello
488 1183 667 1221 Romano
692 1188 771 1221 erat
791 1188 989 1232 tamquam
1013 1195 1093 1221 non
1116 1184 1335 1222 transituris
1358 1184 1399 1222 in
1410 1184 1542 1223 Asiam

111 1239 321 1286 Romanis3
353 1251 470 1290 qnam
501 1239 746 1277 securitatem
775 1239 807 1277 ei
840 1251 976 1289 magna
1007 1251 1096 1289 pars
1128 1240 1344 1278 amicorum
1375 1246 1439 1279 aut
1470 1253 1541 1291 per

111 1308 289 1335 errorem
311 1302 375 1334 aut
397 1295 636 1334 adsentando
660 1295 830 1334 faciebat.
877 1295 1067 1334 Hannibal
1088 1308 1201 1343 unus,
1234 1297 1344 1335 cuius
1365 1309 1410 1335 eo
1441 1303 1542 1336 tem·
1561 1307 1583 1340 2

114 1450 151 1483 L.
163 1453 194 1492 3,
211 1453 264 1493 53,
280 1452 316 1484 2:
337 1453 602 1483 honoratissimae
622 1452 772 1491 imayz'm's
780 1462 794 1490 ‚·

113 1497 157 1529 ib.
199 1507 226 1528 c.
272 1498 333 1537 72,
375 1499 405 1530 4.
454 1496 638 1528 Achnliche
681 1496 791 1527 Redcn

114 1552 219 1584 gegcn
239 1542 303 1573 und
328 1542 381 1573 fiir
398 1541 492 1574 einen
510 1541 666 1583 Triumph
689 1541 794 1573 finden

112 1588 185 1620 sich
217 1586 405 1627 mehrsach,
452 1598 476 1618 s.
505 1589 566 1627 31,
593 1590 635 1620 47
656 1586 696 1629 f.;
737 1588 792 1629 33,

115 1632 214 1675 22123
243 1633 296 1673 38,
323 1635 366 1666 45
386 1644 416 1664 u.
440 1643 482 1664 a..
510 1632 561 1664 die
579 1632 794 1673 vorlicgende

114 1679 177 1721 ist,
201 1678 266 1710 wic
291 1688 325 1710 es
349 1678 496 1721 scheint‚
531 1679 615 1709 nach
639 1678 794 1709 Yalerius

110 1724 235 1756 Antias
260 1724 456 1765 eutwort'en,
494 1724 561 1765 vgl.
587 1725 606 1764 ξ
635 1726 654 1757 5
678 1722 739 1755 mit
765 1733 792 1754 c.

166 1816 310 1849 10-—14.
334 1817 513 1853 universus,
541 1814 613 1846 also
635 1814 718 1846 auch
743 1814 795 1846 die

116 1860 350 1903 Gegenpartci.
374 1878 418 1883 -—
443 1867 523 1893 auct.
551 1872 619 1901 sua,
645 1860 713 1901 vgl.
741 1861 795 1899 31,

116 1907 172 1940 20.
202 1908 234 1939 6.
258 1924 302 1928 —
326 1910 368 1939 ad
386 1908 501 1939 remia.
528 1908 598 1946 int„
625 1904 797 1946 freiwillig

116 1950 334 1992 aufzugehen,
365 1951 542 1983 Mommsen
563 1961 592 1982 a.
612 1961 642 1983 a.
664 1950 701 1982 Ο.
719 1952 794 1984 229.

118 2015 162 2020 --
186 1999 353 2037 carpentes.
381 1998 435 2037 31,
466 1999 520 2037 21,
549 1999 598 2030 1ῖ.
628 2015 671 2020 —-
695 1999 796 2036 spolia

117 2046 212 2074 sonst
252 2042 460 2083 gewo‘hnlich
500 2042 552 2074 die
601 2042 796 2074 erbeuteten

119 2088 276 2127 u'afl'en,
317 2087 406 2120 hier:
443 2088 661 2120 Beutestiicke
697 2088 797 2120 iiber-

118 2134 232 2176 haupt.
260 2151 303 2156 —
335 2140 415 2174 torq.
451 2145 535 2175 accon,
568 2136 599 2173 Τ,
642 2136 693 2173 10,
735 2135 796 2177 113

120 2189 183 2210 nur
203 2178 254 2211 die
268 2178 468 2221 Hiiuptlinge
481 2183 600 2220 trugen
618 2179 795 2211 diesclben.

117 2226 240 2267 infecti,
266 2224 298 2255 in
316 2225 450 2256 Barren.
474 2227 509 2257 in
528 2226 566 2257 G.
586 2236 665 2265 vas„
691 2235 718 2256 S.
744 2225 798 2265 35,

120 2272 175 2309 48,
195 2271 236 2313 83
261 2270 315 2311 38,
344 2271 394 2309 14,
417 2273 456 2313 53
475 2271 530 2310 25,
549 2272 603 2310 43,
623 2271 659 2303 3:
684 2272 720 2302 in
735 2281 800 2302 una

120 2317 206 2348 urbe.
234 2333 277 2338 —
302 2317 425 2357 infab„
462 2316 569 2347 selten
603 2316 798 2357 gebraucht.

121 2378 162 2383 ·—
189 2372 245 2393 suo
269 2372 331 2399 m.,
368 2361 427 2392 der
458 2361 554 2393 ihnen
592 2361 798 2402 eigenthiim-

119 2406 241 2447 lichen,
272 2416 330 2438 aus
357 2408 490 2439 Gallicis
513 2416 572 2449 per
599 2406 736 2448 synesin
759 2417 800 2438 zu

120 2452 286 2484 erkl'aren.
327 2451 386 2484 Dic
413 2450 716 2484 Geschicklichkeit
741 2452 800 2484 der

122 2496 253 2529 Gallim·
296 2497 329 2529 in
369 2497 504 2529 solchen
546 2497 672 2539 Diogen
714 2498 800 2528 wird

122 2544 208 2574 auch
234 2547 328 2575 soust
353 2543 522 2583 erwiihnt3
548 2542 622 2575 hier
643 2543 797 2575 scheinen

862 1450 1029 1483 Fabriken
1055 1456 1306 1491 vorausgesetzt
1332 1463 1371 1483 zu
1397 1453 1542 1493 werden,

863 1496 1009 1528 Coutzen
1035 1506 1064 1528 a.
1091 1507 1119 1528 a.
1147 1496 1183 1528 Ο.
1213 1499 1272 1536 ’Πς
1308 1497 1486 1530 Mommsen
1512 1499 1543 1538 3,

863 1544 940 1575 217.
967 1560 1010 1564 -—
1034 1544 1147 1584 bz'qat„
1165 1542 1218 1574 bei
1237 1541 1391 1575 friihcren
1411 1543 1545 1575 Trium-

862 1588 946 1630 phen
967 1586 1052 1618 wird
1070 1598 1127 1619 aus
1149 1586 1281 1620 Gallien
1298 1589 1383 1620 auch
1401 1587 1546 1631 liupfer-

863 1633 938 1674 geld
974 1633 1209 1674 eingcbracht,
1243 1645 1267 1665 s.
1304 1635 1365 1674 33,
1392 1636 1454 1675 2:33
1489 1636 1544 1674 37,

863 1678 936 1710 hier
967 1683 1079 1709 zuerst
1112 1689 1173 1710 nur
1207 1678 1315 1711 Silber
1346 1680 1412 1711 und
1447 1678 1544 1719 Gold,

863 1734 888 1756 s.
918 1723 1095 1756 Mommsen
1121 1723 1159 1756 G.
1199 1725 1229 1756 d.
1256 1735 1282 1756 r.
1309 1724 1406 1757 Mzw.
1441 1724 1545 1758 381f.

864 1788 907 1792 —
932 1776 1010 1802 cent.
1041 1781 1082 1809 v„
1112 1769 1256 1810 34,‘46‚
1285 1772 1322 1810 33
1352 1772 1405 1810 37,
1434 1773 1488 1810 59,
1514 1772 1546 1803 6.

864 1833 908 1838 -—
927 1821 1001 1854 post
1025 1817 1068 1855 d.,
1095 1815 1162 1855 vgl.
1187 1817 1241 1856 45,
1265 1817 1319 1856 40,
1346 1818 1375 1849 9.
1400 1834 1445 1838 -
1461 1827 1546 1857 suae,

865 1861 924 1892 der
950 1860 1015 1891 ihm
1040 1860 1266 1901 angchiirigen
1293 1864 1394 1893 alieno
1421 1871 1545 1903 gegen-

864 1906 954 1939 iiber.
980 1907 1220 1946 —fraudar.‚
1249 1908 1287 1946 2,
1317 1908 1375 1947 10,
1406 1908 1463 1947 133
1492 1908 1545 1947 30,

866 1952 931 1989 30,
963 1953 1002 1985 10
1027 1963 1058 1983 u.
1083 1962 1113 1983 a.
1142 1969 1180 1974 —
1210 1959 1341 1990 exauct„
1368 1953 1406 1992 8,
1434 1953 1488 1991 34,
1515 1954 1546 1986 9.

912 1994 1090 2033 41-45,
1119 1995 1267 2038 8.Ιίι“ἰες
1291 2008 1350 2029 zur
1362 1997 1424 2029 See
1442 2007 1547 2038 gegen

866 2042 1060 2076 Antiochus.
1080 2042 1209 2085 Appian
1223 2042 1300 2085 Syr,
1311 2045 1351 2076 21
1365 2043 1417 2082 ΗΖ,
1432 2042 1546 2074 lustin.

917 2135 1012 2167 1-2.
1039 2135 1127 2166 Dum
1145 2138 1219 2174 eto,
1247 2134 1331 2165 nach
1349 2134 1407 2166 der
1428 2133 1547 2166 Unter-

866 2179 1037 2220 brechung
1069 2180 1172 2211 durch
1208 2179 1266 2211 das
1293 2189 1357 2211 von
1382 2190 1409 2211 c.
1437 2181 1479 2213 3ss
1505 2189 1547 2211 au

867 2224 1027 2256 Erz‘ahlte
1067 2225 1145 2265 geht
1186 2224 1220 2256 L.
1260 2235 1301 2256 zu
1337 2225 1408 2257 dem
1443 2223 1548 2266 Rrieg

869 2280 974 2311 gegcn
992 2270 1177 2302 Antiochus
1194 2270 1328 2310 zuriick,
1347 2271 1406 2302 der
1427 2270 1548 2302 weiter

869 2317 952 2347 nach
990 2315 1108 2358 Polyb.
1149 2316 1347 2356 dax-gestent
1383 2316 1478 2348 wird.
1503 2333 1548 2339 --—

866 2373 966 2394 secur.
995 2363 1100 2400 adm,
1133 2371 1216 2402 ganz
1244 2361 1371 2401 sicher,
1405 2361 1438 2393 in
1464 2360 1549 2393 aller

868 2406 979 2446 Ruhe,
1015 2405 1132 2449 kniipft
1166 2416 1208 2438 an
1234 2417 1261 2438 c.
1288 2408 1349 2447 21,
1381 2408 1395 2440 1
1422 2417 1474 2439 an.
1504 2424 1549 2430 -—-

867 2459 1030 2494 tamquam
1054 2464 1088 2484 n.
1117 2459 1170 2491 tr„
1195 2452 1262 2493 vgl.
1288 2463 1315 2484 c.
1340 2454 1395 2492 43,
1426 2454 1484 2492 1Ο;
1521 2463 1548 2484 s.

868 2509 907 2529 zu
934 2499 996 2538 21,
1025 2499 1087 2538 61,
1118 2500 1152 2539 1,
1190 2498 1272 2530 iiber
1296 2498 1356 2529 (len
1385 2497 1450 2529 abl.
1481 2497 1550 2531 abs.

867 2546 899 2577 4,
931 2545 982 2577 15.
1009 2545 1039 2576 6.
1066 2561 1109 2566 -
1138 2545 1292 2586 Hamzib„
1318 2554 1345 2576 e.
1376 2545 1429 2584 15,
1458 2544 1488 2576 2.

1240 789 1444 837 militibus,
1476 790 1542 840 qui
1565 800 1605 833 13
