1747 2841
84 123 111 141 a»
132 114 182 142 011.
203 115 261 141 1³³³.
496 114 620 147 mann
645 115 822 148 xxxvu.
849 114 941 148 CAP.
961 116 1015 149 49.
1037 117 1090 148 50.
1418 114 1503 156 243

86 219 189 258 diem
211 219 313 258 Italia
344 218 541 258 excedere.
587 219 630 257 Α.
653 219 860 258 Terentius
882 218 1002 256 Varro
1032 217 1078 256 ad
1110 217 1409 256 custodiendum
1433 218 1507 257 iter
1528 223 1548 256 8

87 288 226 315 eorum
252 275 407 321 missus,
428 275 789 326 demmtiatumque,
810 275 842 314 si
866 287 942 325 qua
964 274 1102 319 deinde
1122 274 1258 324 legatio
1281 286 1326 311 ex
1350 274 1507 321 Aetolis,

85 333 159 371 nisi
179 331 371 383 permissu
391 332 647 382 imperatoris,
669 332 735 383 qui
760 343 843 370 eam
867 331 1104 382 provinciam
1127 330 1328 376 obtineret,
1358 336 1395 368 et
1415 342 1506 369 eum

82 389 204 440 legato
235 389 411 427 Romano
443 388 610 427 venisset
639 389 827 432 Romam,
872 400 943 437 pro
975 387 1150 425 hostibus
1177 386 1304 425 omnis
1337 388 1505 426 futuros.

83 445 132 484 ita
155 444 301 483 dimissi
321 445 456 483 Aetoli.

196 501 249 539 De.
278 501 488 551 provinciis
506 501 645 540 deinde
667 501 848 540 consules
871 500 1120 546 rettulerunt3
1148 499 1276 539 sortiri
1296 510 1362 537 eos
1383 499 1503 538 Aeto-
1526 500 1585 541 50

81 558 169 596 liam
201 564 238 596 et
268 556 403 596 Asiam
435 558 592 608 placuit3
625 558 690 608 qui
723 558 853 596 Asiam
884 557 1044 595 sortitus
1076 562 1196 597 esset,
1237 556 1428 594 exercitus
1457 555 1504 602 ei,
1524 559 1544 591 2

81 626 199 664 quem
222 614 265 652 L.
286 614 414 664 Scipio
447 614 623 660 liaberet,
655 621 713 653 est
745 616 921 652 decretus
955 619 991 652 et
1012 613 1051 650 iu
1076 625 1166 651 eum
1186 613 1503 663 supplementum
1524 614 1544 646 3

82 676 264 720 quattuor
297 671 397 709 milia
429 671 601 721 peditum
623 671 906 716 Romanorum,
939 669 1094 707 ducenti
1126 670 1286 719 equites,
1314 675 1351 708 et
1372 669 1503 707 socio—

82 739 171 765 rum
203 739 247 765 ac
267 726 391 765 Latini
423 728 591 766 nominis
618 734 704 765 octo
738 727 837 765 milia
871 726 1067 777 peditum,
1096 725 1368 776 quadringenti
1390 725 1502 776 equi-

81 789 158 829 tes3
191 783 249 822 his
284 784 403 834 copiis
436 791 477 823 ut
507 784 649 822 bellum
684 796 774 822 eum
799 783 991 821 Antiocho
1015 789 1175 833 gereret.
1226 782 1331 820 alteri
1353 782 1504 820 consuli
1525 779 1543 810 4

79 840 283 886 exereitus,
309 841 374 890 qui
398 847 474 879 erat
499 841 538 878 iu
559 840 714 885 Aetolia,
737 845 794 878 est
813 840 1003 885 decretus,
1025 844 1062 877 et
1084 839 1502 889 utinsupplementum

79 896 267 935 scriberet
278 897 510 947 permissum
524 897 663 935 civium
677 896 954 946 sociorumque
967 895 1136 934 eundem
1150 907 1316 934 numeru
1324 907 1372 940 m,
1385 907 1502 945 quem

80 953 235 1004 collega.
279 966 395 992 naves
427 966 584 1003 quoque
615 953 717 991 idem
747 953 895 998 consul,
928 965 1025 1002 quae
1056 952 1186 1003 priore
1216 964 1318 989 anno
1351 958 1503 1002 paratae
1522 950 1540 981 5

79 1017 199 1054 erant,
227 1022 366 1048 ornare
397 1010 527 1048 iussus
554 1023 597 1048 ae
627 1010 770 1048 ducere
793 1022 949 1055 seeu1n3
982 1022 1052 1047 nee
1084 1021 1173 1046 eum
1202 1008 1345 1047 Aetolis
1374 1008 1503 1047 solum

79 1065 223 1104 bellum
245 1079 388 1117 gerere,
412 1066 478 1104 sed
501 1066 613 1105 etiam
635 1066 675 1104 in
698 1066 981 1116 Cephallaniam
1005 1065 1168 1103 insulam
1186 1065 1358 1103 traicere.
1389 1077 1502 1103 man-
1521 1066 1542 1098 6

79 1122 210 1160 datum
242 1123 379 1169 eidem,
411 1129 464 1169 ut,
496 1124 526 1161 si
559 1135 628 1173 per
655 1123 909 1161 commodum
933 1122 988 1160 rei
1008 1121 1184 1172 publicae
1207 1123 1334 1160 facere
1358 1127 1502 1171 posset,

79 1185 121 1217 ut
143 1178 188 1216 ad
212 1179 365 1217 comitia
385 1180 551 1218 Romam
573 1179 740 1217 veniret:
762 1191 864 1225 nam,
886 1185 1157 1229 praeterquam
1181 1178 1285 1228 quod
1300 1178 1501 1228 magistra-
1522 1177 1542 1207 7

78 1241 139 1273 tus
160 1235 280 1274 annui
306 1235 542 1286 subrogandi
564 1243 703 1282 essent,
734 1248 916 1274 censores
940 1247 1098 1285 quoque
1120 1235 1270 1285 plaeere
1295 1234 1428 1273 creari.
1471 1234 1503 1273 si

77 1303 153 1342 qua
176 1304 238 1331 res
259 1305 348 1330 eum
370 1298 529 1339 teneret,
551 1298 728 1344 senatum
750 1292 952 1331 certiorem
976 1294 1113 1330 faceret
1134 1304 1174 1330 se
1193 1291 1239 1329 ad
1253 1291 1502 1330 comitiorum

79 1353 232 1399 tempus
256 1361 461 1387 occurrere
484 1361 564 1387 nou
587 1361 712 1399 posse.
752 1349 899 1387 Aetolia
922 1349 969 1386 M.
991 1348 1140 1392 Fulvio,
1164 1348 1252 1386 Asia
1272 1348 1340 1386 Cu.
1362 1347 1502 1386 Manlio
1522 1349 1541 1381 8

77 1410 182 1444 sorte
213 1405 350 1443 evenit.
391 1412 588 1456 praetores
616 1405 755 1444 deinde
781 1405 903 1443 sortiti
927 1411 1028 1449 sunt,
1060 1406 1123 1455 Sp.
1148 1404 1373 1443 Postumius
1393 1404 1502 1442 Albi-

78 1473 153 1499 nus
185 1461 374 1500 urbauam
401 1468 437 1500 et
458 1463 557 1500 inter
578 1462 816 1512 peregrinos,
848 1462 896 1500 M.
920 1461 1176 1511 Sempronius
1201 1461 1417 1499 Tuditanus
1438 1461 1502 1499 Si-

76 1638 236 1671 Erziihlte
268 1639 333 1671 hin.
358 1659 402 1663 —
427 1651 464 1671 ex
486 1643 600 1677 Aetol.,
631 1640 694 1672 uio
720 1644 750 1678 3,

78 1685 108 1720 2,
127 1686 164 1718 3;
190 1696 227 1717 ex
245 1686 380 1726 Aequis.
399 1704 442 1707 —
461 1698 493 1718 eo
519 1689 578 1726 die,
608 1697 633 1717 (τ.
666 1687 692 1719 1,
721 1688 750 1717 (ἰ,

77 1748 119 1753 ——
151 1733 219 1762 nisi
241 1742 362 1770 perna,
398 1731 431 1762 iu
472 1732 530 1763 der
560 1731 753 1771 Erziihlung·

75 1776 132 1807 des
162 1775 243 1815 Pol„
271 1787 296 1807 s.
323 1778 377 1815 33,
405 1779 434 1817 3,
465 1776 535 1810 7f..
566 1777 649 1808 wird
679 1777 752 1809 eine

74 1821 187 1854 solche
204 1821 393 1853 Erlaubniss
409 1822 499 1854 nieht
513 1823 749 1863 naehgesueht,

80 1878 104 1899 s.
131 1867 161 1898 (1.
187 1867 236 1898 St.
263 1877 320 1899 aus
348 1868 439 1899 Diod.

124 1910 307 1954 50—51,
351 1918 380 1944 o.

80 1957 161 1989 Prm
171 1958 277 1991 iuzen.

126 2005 221 2037 1—7.
253 2006 378 2043 Asiam,
401 2004 452 2036 die
470 2004 643 2047 Scipionen
663 2015 752 2036 wer-

77 2050 137 2081 den
179 2049 285 2087 also,‘
309 2051 391 2081 ohne
432 2050 508 2082 dass
543 2050 660 2082 Lucius
694 2051 752 2082 (las

76 2094 247 2136 imperium
287 2095 482 2136 verliingert
524 2095 626 2135 wird,
670 2097 752 2128 ohne

78 2140 246 2172 VVeiteres
262 2140 450 2181 abgerusen.
485 2160 497 2163 -
530 2144 562 2173 in
588 2153 668 2184 eum,
689 2141 753 2174 wie

78 2187 131 2223 33,
160 2187 214 2226 43,
242 2188 280 2219 6:
309 2189 343 2218 in
368 2198 420 2219 eas
443 2189 596 2228 (Zeqz'ones)
623 2190 653 2218 325
675 2190 757 2228 qm'd

73 2234 286 2271 supplementi
316 2243 394 2271 opus
426 2240 510 2264 esset.
538 2250 580 2254 -
617 2240 691 2269 octo,
716 2244 753 2264 so

76 2276 127 2308 die
158 2277 218 2309 Mz.
247 2277 327 2317 Hs,
354 2277 406 2309 die
432 2278 568 2320 iibrigen
593 2290 656 2316 sex,
683 2289 753 2310 was

430 1913 652 1954 Vertheiluug
695 1914 752 1946 der

75 2323 160 2354 auch
197 2323 320 2364 richtig
361 2323 429 2354 sein
475 2324 579 2363 kann,
620 2325 659 2355 da
702 2324 753 2356 die

75 2367 298 2410 Fusstruppen
327 2369 385 2400 der
402 2368 519 2401 Riimer
549 2369 601 2402 bei
618 2370 753 2401 solchen

35 2418 39 2422 '
74 2413 315 2455 Ergiinzungeu
340 2414 414 2445 kein
441 2414 528 2446 Mass
554 2414 607 2446 fiir
624 2415 752 2447 dieder

76 2459 365 2501 Bundesgenossen
386 2459 468 2492 sind.
489 2471 513 2493 S.
532 2464 550 2499 ξ
574 2462 607 2494 11
626 2460 657 2497 f„
683 2461 749 2493 und

76 2504 128 2536 die
155 2505 239 2536 Zahl
276 2506 333 2537 der
359 2505 472 2537 Reitei·
504 2506 562 2537 der
586 2506 746 2538 letztereu

76 2549 119 2581 im
144 2550 354 2583 νει-1151111133
369 2562 408 2583 zu
430 2551 492 2583 ‹ien
517 2550 749 2594 Fusstruppeu,

822 1640 875 1672 die
895 1640 943 1671 sie
960 1639 1092 1681 stellen,
1119 1639 1150 1670 iu
1170 1640 1228 1671 der
1246 1639 1347 1679 Regel
1367 1640 1503 1680 grosser

823 1686 867 1717 ist
893 1686 943 1716 als
973 1685 1025 1716 bei
1053 1685 1112 1717 den
1141 1684 1292 1717 Riimern.
1315 1703 1352 1707 -—
1382 1686 1442 1725 qui
1457 1696 1501 1716 er.

820 1735 855 1764 in
879 1733 998 1766 Amol„
1023 1742 1049 1763 S.
1078 1741 1105 1762 c.
1131 1732 1162 1769 2,
1190 1733 1227 1770 Ἲς
1256 1732 1309 1767 38,
1343 1732 1373 1765 3,
1400 1732 1432 1762 6.
1458 1748 1502 1754 ——

822 1780 855 1808 in
879 1780 1041 1816 supplem..
1070 1787 1095 1807 s.
1121 1786 1147 1807 e.
1174 1778 1204 1811 2,
1231 1778 1269 1814 2ς
1296 1777 1349 1812 28,
1376 1777 1430 1814 37,
1458 1778 1497 1809 4:

821 1826 855 1855 in
888 1825 1136 1861 supplementum
1165 1841 1202 1844 —-
1231 1825 1374 1854 iuventas
1407 1824 1480 1853 data
1490 1835 1501 1859 ‚-

822 1869 883 1906 38,
918 1870 980 1906 36,
1016 1872 1053 1905 3ς
1088 1867 1233 1899 Gronov.
1263 1867 1333 1898 will
1358 1870 1394 1898 in
1424 1871 1500 1899 ent—-

822 1914 947 1953 fernen,
974 1913 1037 1945 wie
1074 1915 1133 1955 113
1164 1914 1217 1953 26,
1248 1915 1276 1951 1,
1299 1915 1355 1946 11;
1372 1915 1499 1952 supple-

821 1967 958 1992 mentum
985 1977 1027 1980 —
1053 1961 1208 1991 scriberet.
1237 1977 1280 1981 --
1305 1969 1400 1990 naves
1424 1962 1498 1997 etr„

822 2016 848 2036 c.
880 2008 911 2044 4,
939 2008 968 2038 5.
1006 2023 1031 2026 —
1079 2016 1211 2039 ornare,
1246 2015 1270 2036 s.
1297 2006 1350 2043 21,
1377 2006 1431 2044 50,
1459 2005 1500 2044 8,

823 2053 876 2090 26,
904 2052 958 2086 36,
992 2052 1022 2083 4.
1051 2068 1093 2071 —
1119 2052 1260 2089 Gemma,
1295 2049 1342 2081 sie
1376 2049 1499 2081 wollen

822 2098 882 2128 den
910 2096 1088 2136 wit-litigeu
1113 2095 1222 2126 Punkt
1260 2094 1291 2125 iu
1317 2095 1409 2126 ihrer
1432 2093 1501 2126 Ge-

823 2142 907 2173 walt
931 2142 1049 2179 haben,
1076 2142 1129 2177 38,
1151 2143 1182 2179 9,
1206 2143 1264 2180 103
1289 2140 1423 2171 iihnlieh
1444 2141 1499 2179 36,

824 2190 878 2221 32.
906 2206 948 2210 —-
966 2199 1028 2227 per
1052 2198 1160 2219 comm.
1188 2198 1216 2218 r.
1237 2197 1284 2225 p..
1308 2197 1333 2217 s.
1361 2188 1414 2225 31,
1446 2187 1499 2221 11.

824 2236 862 2266 2:
900 2234 960 2265 22.
1008 2234 1067 2271 57,
1118 2233 1128 2264 1
1186 2243 1216 2263 u.
1254 2242 1306 2271 a.,
1365 2231 1499 2273 Caesar,

824 2278 957 2310 Cicero:
982 2280 1137 2309 commodo
1156 2289 1184 2309 r.
1199 2288 1232 2316 p.
1248 2295 1290 2299 —
1303 2279 1347 2309 ad
1368 2284 1436 2310 tem.
1456 2295 1499 2300 —-

822 2335 934 2359 occur„
962 2334 1021 2355 zur
1045 2323 1119 2355 Zeit
1135 2341 1179 2345 —
1205 2322 1397 2354 erseheinen
1422 2323 1501 2354 oder

823 2380 883 2401 zui·
917 2370 1051 2400 rechten
1086 2368 1162 2400 Zeit
1198 2368 1291 2399 nieht
1326 2367 1500 2400 cinti-effen

824 2416 942 2454 kiiuue,
977 2414 1042 2455 vgl.
1081 2416 1134 2453 535,
1173 2415 1227 2453 46,
1257 2416 1296 2453 3;
1323 2415 1375 2453 39,
1403 2416 1434 2454 6,
1465 2416 1499 2447 1:

819 2462 933 2503 quibus
971 2458 1132 2500 (comitiis)
1165 2478 1209 2483 —-
1244 2471 1406 2492 occurrere
1431 2471 1500 2492 non

814 2508 930 2547 potuit.
1228 2516 1231 2520 ⁴

868 2553 991 2586 8-13.
1017 2553 1086 2583 urb.
1113 2557 1142 2584 et
1162 2552 1280 2590 aper„
1303 2552 1355 2590 35,
1382 2551 1437 2591 41,
1468 2552 1500 2584 6.

1208 2604 1276 2641 16*
