1747 2841
104 141 131 159 ι.
152 129 204 157 ch.
224 129 283 155 190.

107 234 327 279 Aemilium,
357 233 452 272 velle
481 246 521 272 se
548 233 594 272 de
617 245 709 284 pace
732 246 854 285 agere.
895 233 1080 272 Aemilius
1101 233 1275 272 Eumene
1296 245 1315 271 a
1340 233 1529 284 Pergamo
1555 237 1607 277 19

552 129 675 162 LIBER
700 129 880 164 XXXVII.
919 130 1009 164 CAP.
1046 133 1094 165 19.

1452 131 1530 173 189

108 291 227 330 accito
247 289 426 329 adhibitis
449 295 486 328 et
504 289 665 329 Rhodiis
694 291 899 329 consilium
920 289 1063 329 habuit.
1107 289 1248 328 Rhodii
1270 289 1371 327 hand
1394 302 1529 340 asper-

109 347 193 386 nari
222 358 378 398 pacem;
409 346 604 385 Eumenes
635 359 705 385 nec
729 348 936 386 honestum
958 346 1088 384 dicere
1111 358 1195 384 esse
1218 358 1263 384 eo
1287 353 1463 396 tempore
1484 347 1530 385 de

109 415 203 454 pace
229 403 300 454 agi,
332 414 403 441 nec
435 403 579 441 exitum
612 404 666 442 rei
687 404 838 454 imponi
863 414 999 454 posse:

1032 402 1121 453 „qui
1145 402 1272 441 eninr‘
1293 402 1421 453 inquit
1440 409 1530 449 „aut
1552 411 1569 442 2

109 460 269 498 honeste
290 459 428 498 inclusi
450 459 657 498 moenibus
680 466 717 499 et
738 459 886 498 obsessi
910 459 1013 497 velut
1032 459 1134 509 leges
1152 459 1256 509 pacis
1267 457 1533 509 accipiemus?

108 522 174 555 aut
200 516 262 555 cui
289 521 368 554 rata
388 515 456 554 ista
479 528 552 566 pax
574 517 656 562 erit,
687 528 805 567 quain
827 516 910 555 sine
932 515 1104 560 consule,
1136 527 1216 553 non
1238 527 1284 553 ex
1307 515 1532 554 auctoritate

107 579 276 619 senatus,
303 572 454 611 iniussu
477 573 609 623 populi
630 573 795 612 Romani
818 569 1114 623 pepigerimus‘?
1144 584 1288 622 quaero
1312 572 1416 611 enim
1439 584 1532 623 pace
1551 580 1569 612 3

108 641 179 679 per
205 636 240 668 te
270 630 366 667 sacta
387 629 635 668 rediturusne
661 629 854 680 extemplo
874 628 914 667 in
935 628 1079 667 Italiam
1102 628 1165 674 sis,
1197 628 1358 667 classem
1380 629 1531 667 exerci-

108 692 271 736 tumque.
290 685 543 731 deducturus,
574 698 622 724 an
644 692 928 737 expectaturus,
960 685 1052 736 quid
1076 684 1123 722 de
1145 697 1188 723 ea
1209 697 1251 723 re
1272 685 1422 723 consuli
1446 686 1529 736 pla-

107 747 200 788 ceat,
231 741 324 792 quid
356 749 512 781 senatus
544 748 697 781 censeat
724 748 789 781 aut
818 741 986 793 populus
1008 739 1168 780 iubeat?
1207 747 1324 780 restat
1353 754 1457 792 erg0,
1490 748 1568 781 ut4

108 809 264 837 maneas
293 798 334 837 in
365 799 474 845 Asia,
519 806 555 837 et
582 811 721 838 rursus
750 799 790 837 in
819 797 980 836 hiberna
1009 798 1142 848 copiae
1172 798 1352 836 reductae
1383 799 1529 837 omisso

105 853 204 893 bello
232 855 460 894 exhauriant
489 855 769 894 commeatibus
797 854 1027 905 praebendis
1057 854 1206 900 socios,
1238 853 1389 900 deinde,
1420 855 1451 893 si
1479 855 1531 893 ita
1551 858 1568 888 ἴ)

106 911 234 950 visum
262 912 308 950 iis
329 913 387 957 sit,
418 924 536 962 penes
559 924 658 962 quos
681 918 848 962 potestas
870 911 997 957 fuerit,
1026 911 1288 950 instauremus
1311 923 1458 949 novum
1483 911 1531 950 de

104 967 256 1019 integro
287 968 442 1019 bellum.
474 968 579 1018 quod
607 980 830 1019 possumus,
861 968 893 1006 si
923 979 969 1006 ex
999 967 1074 1006 hoc
1102 968 1252 1018 impetu
1280 979 1413 1006 rerum
1435 967 1530 1006 nihil

105 1024 333 1074 prolatando
363 1025 580 1070 remittitur,
611 1030 698 1063 ante
729 1025 898 1063 hiemem
928 1024 999 1062 diis
1031 1024 1248 1063 volentibus
1279 1024 1526 1075 perfecisse.“

104 1080 198 1119 haec
228 1081 415 1120 sententia
446 1081 553 1127 vicit,
581 1093 896 1131 responsumque
927 1080 1119 1119 Antiocho
1152 1086 1209 1119 est
1238 1087 1326 1119 ante
1356 1081 1526 1120 consulis
1548 1082 1567 1114 6

104 1137 315 1176 adventum
345 1137 393 1175 de
423 1149 516 1188 pace
548 1138 606 1188 agi
638 1150 718 1175 non
748 1150 875 1188 posse.

935 1137 1150 1176 Antiochus
1176 1149 1269 1188 pace
1290 1137 1527 1188 nequiquam
1548 1143 1566 1173 7

104 1199 296 1244 temptata,
325 1194 503 1232 evastatis
529 1194 773 1233 Elaeensium
806 1195 992 1245 primum,
1024 1194 1163 1232 deinde
1193 1194 1529 1245 Pergamenorum

104 1250 216 1301 agris,
238 1250 369 1289 relicto
391 1250 443 1289 ibi
464 1251 625 1290 Seleuco
647 1251 737 1297 tilio,
761 1251 1057 1302 Adramytteum
1076 1250 1265 1289 hostiliter
1276 1251 1412 1289 itinere
1427 1252 1527 1290 facto

104 1417 196 1448 nicht
213 1417 389 1450 besonders
409 1418 650 1462 ausgedriickt3
678 1429 705 1450 c.
730 1421 780 1457 10,

106 1465 144 1503 53
171 1461 240 1494 Pol.
270 1464 324 1504 21,
357 1465 418 1496 10:
444 1463 683 1509 διεπέμπετο

155 1505 220 1544 19.
265 1490 361 1542 1—-’2.
398 1510 503 1541 adhib
537 1517 566 1541 et
597 1512 700 1545 Rima
736 1509 780 1540 ist

104 1555 176 1586 dem
203 1554 400 1595 vorhergeh.
431 1554 497 1586 abl.
523 1555 592 1586 abs.
622 1560 780 1596 unterge—

105 1599 240 1631 ordnet:
269 1599 318 1632 als
346 1609 384 1631 er
412 1601 495 1631 nach
519 1600 712 1641 Zuziehuug
736 1618 781 1622 -

103 1646 187 1677 auch
222 1644 274 1677 die
298 1645 402 1677 Rhod.
430 1663 471 1669 —
497 1646 601 1677 hatte.
628 1664 672 1668 —
695 1648 781 1679 Rho-

103 1694 152 1723 dii
170 1694 251 1731 etc„
286 1691 338 1723 die
363 1690 601 1733 Verhandlung
627 1692 671 1724 ist
695 1702 781 1733 ganz

103 1737 188 1768 nach
217 1735 334 1779 Polyb.
361 1738 416 1778 21,
445 1739 485 1770 10
509 1748 572 1768 nur
593 1748 666 1769 zum
683 1737 781 1770 Theil

103 1781 137 1813 in
170 1783 262 1814 mehr
285 1783 512 1814 rhetorischer
535 1782 561 1814 F
565 1793 634 1815 orm
659 1784 779 1825 (large—

103 1827 210 1867 stellt,
236 1827 258 1869 ξ
283 1829 314 1868 3,
339 1829 405 1860 und
429 1828 480 1860 die
506 1827 631 1860 Namen
657 1827 678 1870 ξ
707 1831 721 1862 1
749 1840 778 1861 11.

104 1875 124 1907 6
153 1873 245 1905 nicht
269 1878 425 1914 genannt.
451 1892 494 1896 —
518 1886 573 1907 neo
597 1892 641 1897 —
664 1877 777 1914 dicere,

104 1919 166 1959 23,
195 1921 254 1958 10,
284 1920 342 1959 13;
379 1922 480 1952 dicere
516 1920 560 1952 ist
585 1920 778 1961 eingescho-

103 1964 166 1996 ben
188 1964 254 1996 wic
279 1975 306 1996 c.
332 1966 393 2006 20,
427 1967 445 2000 8
478 1968 611 1998 eredere.
642 1985 684 1989 —
707 1969 779 1998 exit.

103 2012 191 2050 imp„
222 2010 276 2050 33,
302 2012 356 2049 41,
384 2013 420 2053 1;
452 2013 507 2051 43,
538 2013 589 2051 17,
615 2013 654 2044 6:
678 2023 779 2053 ‘aeque

102 2058 189 2088 exim
213 2058 265 2087 rei
285 2058 443 2096 imposito.
460 2075 504 2079 —
523 2059 646 2097 obsessi,
673 2067 708 2090 es
733 2057 779 2089 ist

103 2101 156 2133 die
180 2101 386 2143 Belagerung
409 2112 475 2133 von
498 2101 691 2144 Pergamum
719 2113 778 2144 ge-

102 2146 223 2186 meint,
263 2147 412 2179 weshalb
436 2151 519 2180 velut
542 2148 634 2180 nicht
657 2159 697 2180 zu
723 2150 778 2180 ob-

101 2195 189 2235 sessi,
214 2192 354 2224 soudern
380 2203 420 2225 zu
444 2194 516 2225 dem
537 2193 615 2235 solg.
636 2194 779 2235 Begriffe

103 2240 159 2280 leq.
180 2249 255 2278 pac.
283 2241 399 2274 aevia:
435 2238 615 2280 gleichsam
639 2240 690 2272 als
715 2241 777 2272 Be-

102 2284 208 2325 siegte
245 2283 474 2325 Bedingungen
511 2286 707 2326 annehmen‚
753 2296 777 2318 s.

104 2330 167 2369 31,
200 2331 250 2369 11,
282 2331 332 2367 17,
358 2340 397 2361 zu
422 2330 538 2361 zichen
564 2330 617 2363 ist.
643 2349 687 2353 —
711 2334 779 2363 sine

102 2385 198 2415 com„
217 2375 301 2406 ohne
316 2373 531 2407 Theiluahme
552 2376 608 2408 des
622 2376 666 2416 C.‚
689 2371 778 2411 ἄνευ

103 2420 167 2463 τῆς
197 2420 341 2454 ἐκείνου
366 2417 522 2466 γνώμης.
558 2439 598 2444 -—
623 2433 660 2454 ex
682 2430 777 2463 auct„

103 2476 129 2497 s.
154 2475 180 2497 c.
208 2468 270 2506 45,
301 2468 351 2500 14.
379 2484 423 2489 —
447 2469 595 2506 iniussu,
621 2469 652 2507 9,
680 2470 710 2508 5,
742 2471 778 2510 1,

104 2511 147 2543 ib.
173 2512 203 2551 8,
230 2513 249 2545 5
276 2522 307 2543 u.
333 2522 361 2543 a.

150 2558 249 2591 3—5.
268 2568 329 2597 per
351 2565 396 2598 te,
435 2558 707 2590 nachdriicklich:
734 2559 777 2591 du

849 1418 960 1450 allein.
989 1436 1034 1440 —-
1060 1430 1139 1451 cens.
1166 1437 1210 1441 —
1235 1421 1355 1458 iubeat,
1397 1421 1458 1455 31,
1497 1421 1528 1459 7,

853 1466 990 1501 1231,
1022 1466 1056 1501 1,
1086 1466 1115 1501 ῖ,
1144 1474 1289 1505 genauer
1313 1465 1362 1496 als
1391 1463 1526 1507 Polyb:

850 1506 869 1542 ὅ
895 1521 930 1543 τε
960 1509 1078 1554 δῆμος
1102 1506 1124 1551 ἥ
1149 1522 1184 1543 τε
1215 1507 1418 1554 σύγκλητος
1447 1511 1528 1543 ἐπι·

849 1551 1003 1601 κυρώσῃ.
1020 1566 1182 1587 —comm
1203 1558 1312 1595 praeb.
1329 1567 1420 1587 =eo
1443 1558 1531 1597 quod

842 1602 1038 1640 praebentur
1071 1602 1151 1632 oder
1171 1603 1347 1641 praebendi
1369 1607 1454 1633 sunt.
1485 1619 1527 1624 —-

848 1650 983 1678 wasta-ur.
1010 1648 1140 1687 bellwm,
1166 1657 1192 1679 s.
1215 1648 1276 1686 27,
1306 1649 1365 1687 14,
1397 1649 1430 1680 1:
1479 1649 1528 1678 in-

849 1699 970 1724 staurat
993 1699 1148 1724 certamen
1160 1704 1174 1732 ;
1201 1694 1251 1731 10,
1281 1694 1334 1732 29,
1364 1694 1398 1731 1,
1425 1693 1527 1724 sehon

849 1738 916 1769 Cic.
954 1738 992 1770 de
1027 1738 1110 1769 dom.
1138 1740 1176 1777 3,
1220 1739 1257 1770 6:
1297 1740 1528 1770 instaurandae

849 1786 971 1822 caecus,-
1007 1783 1088 1815 iiber
1112 1783 1173 1815 deu
1200 1782 1414 1815 pleonasmus
1443 1794 1468 1816 s.
1495 1785 1525 1824 3,

850 1831 903 1869 54,
932 1831 970 1862 9:
989 1832 1100 1868 prima
1123 1832 1218 1862 initia
1241 1832 1433 1867 inoohastz'3;
1470 1830 1525 1868 22,

850 1877 885 1915 5,
916 1877 944 1908 7.
973 1892 1018 1896 —
1039 1877 1180 1916 prolate,
1206 1877 1243 1914 7,
1272 1877 1325 1912 21,
1351 1877 1387 1915 2,
1413 1877 1466 1915 21,
1494 1878 1525 1915 5,

852 1923 880 1954 1.
900 1938 941 1943 -—
959 1922 1145 1963 perfecisse,
1176 1920 1392 1962 cigentliches
1409 1919 1525 1952 Prate-

850 1965 966 1997 ritum:
993 1966 1163 1998 volleudet
1186 1966 1312 2006 haben,
1336 1977 1361 1998 s.
1389 1968 1442 2006 21,
1473 1968 1524 2005 15,

850 2013 887 2045 6:
913 2014 1060 2044 exaesa-ree
1075 2030 1119 2034 —
1135 2023 1200 2044 non
1218 2019 1320 2052 potest
1329 2024 1341 2050 ;
1366 2011 1431 2043 Cic.
1450 2011 1524 2042 Div.

848 2059 887 2097 2,
921 2059 982 2097 23,
1013 2060 1072 2096 513
1112 2057 1239 2089 Cornel.
1265 2057 1398 2089 Eumen.
1425 2058 1455 2096 9,
1486 2058 1523 2090 2:

845 2106 1000 2135 transisse
1020 2110 1143 2143 possem
1165 2114 1190 2135 s.
1219 2113 1259 2134 zu
1287 2104 1317 2143 2,
1343 2105 1398 2144 24,
1425 2104 1455 2136 5.

894 2151 992 2183 7-8.
1015 2160 1095 2189 pace
1117 2167 1159 2171 —
1176 2150 1281 2191 saeco,
1309 2148 1367 2180 das
1384 2147 1525 2180 Zusam-

846 2194 1041 2226 menti-effen
1071 2205 1106 2227 so
1132 2194 1239 2226 vieler
1263 2194 1341 2226 abll.
1363 2194 1448 2226 abss.
1480 2193 1526 2226 ist

846 2240 944 2279 hart,
971 2240 1038 2281 vgl.
1065 2242 1128 2279 31,
1158 2242 1209 2279 10,
1236 2241 1274 2281 3;
1300 2238 1432 2271 einfach
1460 2238 1525 2271 Po-

847 2285 934 2338 lybs
972 2282 1108 2332 ἐδῄοω
1141 2283 1206 2328 rip
1242 2285 1315 2319 τῶν
1349 2283 1526 2319 ’.Ε1αϊτων

842 2328 982 2377 χώοαν.
1016 2350 1060 2355 —
1092 2333 1277 2371 Adramytt.
1318 2341 1382 2362 von
1412 2333 1527 2363 itinere

838 2379 933 2419 facto
954 2376 1131 2418 abheingig,
1158 2377 1211 2408 die
1230 2376 1327 2408 Stadt
1347 2376 1403 2418 lag
1423 2377 1524 2408 ub'rd-

847 2423 914 2454 lich
932 2433 995 2454 von
1010 2421 1224 2464 Pergamum3
1248 2423 1306 2454 der
1321 2421 1435 2463 blame,
1455 2424 1526 2454 Ha-

847 2471 1027 2500 drumetum
1054 2469 1241 2508 ver-wandt,
1274 2467 1317 2500 ist
1343 2467 1523 2509 semitisch‚

847 2524 873 2545 s.
911 2516 924 2547 1
963 2513 1043 2546 Mos.
1073 2516 1129 2553 10,
1168 2515 1227 2547 26:
1267 2515 1526 2553 Olcazarmaveth;

847 2559 969 2591 Strabo
999 2561 1055 2599 16,
1097 2562 1134 2598 4,
1161 2561 1182 2592 4
1206 2570 1234 2602 p.
1262 2560 1345 2593 768:
1373 2563 1522 2607 Χατρα-
