1747 2841
102 126 129 145 a.
144 118 197 147 011.
215 119 276 147 189.

518 119 644 152 LIBER
668 118 863 153 xxxvm.
895 118 989 154 CAP.
1015 120 1045 153 8.
1069 120 1099 152 9.

1448 119 1532 162 279

108 230 266 264 cturum
287 223 400 262 etiam
421 222 462 261 in
486 222 625 261 foedus
647 235 744 269 esse,
767 229 809 262 ut
829 222 988 262 eosdem
1011 234 1112 273 quos
1138 223 1308 273 populus
1328 223 1530 262 Romanus

109 281 255 320 amicos
275 285 389 330 atque
419 279 541 318 hostis
572 278 746 318 habeant.
793 280 990 318 Adversus
1010 291 1109 330 quae
1130 278 1253 329 legati,
1275 286 1311 318 et
1332 280 1421 330 quia
1441 292 1529 330 gra-
1550 281 1578 322 9

111 338 169 376 via
197 341 327 380 erant,
354 341 391 374 et
411 335 500 386 quia
523 347 686 374 suorum
707 336 858 374 animos
879 335 1090 374 indomitos
1111 347 1155 373 ac
1178 335 1381 374 mutabiles
1404 348 1528 374 nove-

109 399 215 438 rant,
244 392 350 431 nullo
374 391 524 430 reddito
548 404 738 443 responso
761 392 922 431 domum
942 391 1109 442 regressi
1130 398 1232 437 sunt,
1265 398 1306 431 ut
1331 392 1445 430 etiam
1470 398 1528 431 at-

109 462 187 501 que
206 449 330 495 etiam,
355 448 446 499 quid
468 449 662 499 agendum
686 455 796 495 esset,
818 461 859 487 re
882 448 1031 499 integra
1052 454 1272 499 praetorem
1288 454 1325 487 et
1335 448 1530 499 principes

110 505 371 545 consulerent.
416 505 584 543 clamore
608 512 643 544 et
663 505 788 555 iurgio
812 505 972 556 excepti.
994 517 1110 555 quam
1133 505 1197 542 diu
1219 518 1302 543 rem
1323 505 1531 551 traherent,
1550 510 1570 542 2

108 562 434 613 qualemcumque
465 574 599 612 pacem
628 564 774 600 referre
799 561 916 607 iussi,
945 574 1035 599 cum
1068 561 1241 600 redirent
1272 561 1530 608 Ambraciam,

108 620 358 658 Acarnanum
376 618 525 656 insidiis
543 630 666 669 prope
688 618 788 656 viam
811 618 967 668 positis,
994 630 1083 655 cum
1105 617 1248 668 quibus
1271 617 1415 656 bellum
1439 624 1531 664 erat,

107 675 362 714 circumventi
382 675 604 726 Thyrreum
628 674 870 713 custodiendi
893 674 1153 713 deducuntur.
1186 674 1279 713 haec
1301 687 1410 713 mora
1432 675 1530 713 inie-
1551 682 1570 714 3

107 738 166 771 cta
189 737 246 770 est.
265 731 360 782 paci,
383 743 473 769 cum
496 732 571 770 iam
593 731 889 770 Atheniensium
904 731 1230 781 Rhodiorumque
1251 731 1373 782 legati,
1395 731 1461 781 qui
1483 731 1530 769 ad

108 788 398 840 deprecandum
419 800 490 838 pro
517 788 562 826 iis
585 794 781 833 venerant,
804 787 904 837 apud
928 787 1131 825 consulem
1156 793 1296 826 essent.
1327 788 1530 838 Amynan·
1550 790 1572 822 4

107 845 176 884 der
205 856 365 895 quoque
385 844 647 883 Athamanum
679 856 746 882 rex
779 844 854 883 fide
887 851 1041 894 accepta
1069 850 1227 882 venerat
1245 844 1285 882 in
1309 850 1432 883 castra
1448 844 1531 883 Ro-

110 914 242 947 mana,
274 901 394 952 magis
421 912 493 951 pro
514 899 717 939 Ambracia
744 900 852 946 urbe,
876 900 941 939 ubi
966 901 1153 939 maiorem
1174 906 1323 950 partem
1344 901 1532 951 temporis

106 958 336 1004 exulaverat,
364 969 481 1008 quam
506 969 579 1007 pro
607 956 750 995 Aetolis
781 957 978 996 sollicitus.

1033 969 1103 1008 per
1136 957 1207 995 hos
1237 957 1377 996 certior
1408 959 1531 996 factus
1552 967 1570 998 5

106 1015 244 1054 consul
274 1014 321 1052 de
350 1026 440 1052 casu
467 1013 683 1064 legatorum
703 1013 843 1052 adduci
861 1026 928 1052 eos
951 1027 972 1052 a
996 1014 1172 1064 Thyrreo
1195 1014 1327 1059 iussit,
1360 1025 1532 1064 quorum

105 1078 194 1122 post
206 1071 416 1109 adventum
428 1070 487 1120 agi
502 1076 685 1120 coeptum
702 1075 760 1108 est
776 1070 822 1108 de
839 1082 944 1120 pace.
974 1070 1239 1121 Amynander,
1254 1070 1359 1120 quod
1375 1071 1435 1109 sui
1446 1082 1531 1109 ma-
1550 1077 1571 1110 6

104 1128 205 1166 xime
227 1127 356 1177 operis
380 1133 471 1173 erat,
493 1126 659 1177 impigre
683 1126 827 1177 agebat,
850 1126 1203 1165 utAmhracienses
1219 1127 1469 1177 compelleret
1482 1126 1528 1166 ad

103 1183 352 1223 deditionem.
373 1183 409 1221 id
427 1195 517 1221 cum
532 1183 803 1234 pei-colloquia
816 1183 1038 1234 principum
1056 1184 1270 1222 succedens
1285 1196 1446 1222 murum
1458 1195 1529 1234 pa·
1550 1192 1569 1224 7

104 1253 193 1279 rum
217 1242 435 1291 proliceret,
456 1247 655 1291 postremo
678 1240 849 1278 consulis
866 1240 1061 1291 permissu
1073 1240 1274 1291 ingressus
1288 1240 1426 1279 urbem
1438 1253 1530 1291 par-

101 1369 191 1395 recur
221 1380 266 1385 —
300 1364 409 1394 vellem
441 1375 486 1387 =
520 1364 549 1393 εἰ
585 1365 678 1394 vultis
703 1362 782 1394 oder

101 1410 266 1441 volueritis
292 1427 333 1429 —-
363 1410 443 1449 duee,
468 1419 492 1439 5.
524 1410 555 1443 2,
586 1409 636 1445 15,
662 1410 692 1440 4.

150 1451 188 1490 9.
216 1455 312 1487 1-2,
342 1456 496 1493 ιἠιῑουιίέ.,
523 1463 549 1484 c.
580 1455 629 1485 12.
658 1456 696 1491 33
725 1455 778 1492 27,

104 1502 159 1539 230,
189 1502 218 1532 5.
243 1517 284 1522 —-
312 1501 463 1531 mutabil..
491 1499 558 1539 vgl.
586 1500 638 1538 36,
666 1500 720 1539 29,
752 1500 778 1531 1.

110 1563 146 1568 —
171 1549 267 1577 etiam
291 1557 320 1578 a.
346 1556 383 1585 e.,
410 1546 464 1584 22,
497 1546 548 1583 13,
578 1546 617 1582 43
643 1546 698 1584 41,
728 1546 780 1580 19.

103 1593 134 1623 ὅ.
162 1608 207 1613 —-
230 1602 266 1622 re
284 1593 418 1631 imeqra,
444 1590 487 1621 da
512 1589 560 1621 sie
586 1589 694 1621 nichts
722 1600 780 1631 ge-

101 1639 301 1677 antwortet,
345 1635 396 1667 die
438 1635 544 1667 Sache
584 1635 779 1675 unberiihrt,

102 1681 359 1714 unentsehieden
392 1681 544 1722 gelassen
577 1681 704 1713 hatten
737 1699 781 1703 —

92 1729 251 1768 princip.
276 1727 343 1758 wol
368 1727 420 1758 die
446 1727 495 1769 Ap
500 1726 645 1767 okleten,
681 1727 779 1758 deren

102 1772 192 1805 Rath
216 1773 264 1804 sie
288 1773 442 1804 einholeu
467 1771 601 1811 vollen,
635 1783 660 1804 5.
694 1783 720 1804 c.
747 1774 778 1810 ὃ,

106 1817 281 1858 1f.;iibe1·
304 1820 556 1857 consulereml,
577 1819 630 1855 32
661 1819 710 1851 10.
737 1836 780 1839 -

102 1867 185 1906 iury.
210 1875 273 1896 eze.
296 1880 336 1890 =
361 1853 553 1904 reprehensi,
587 1866 640 1903 30,
671 1865 722 1896 14.
750 1865 780 1896 3.

103 1928 147 1932 -
180 1911 335 1951 quamdiu
365 1909 421 1950 ist,
449 1919 544 1941 wenn
580 1919 614 1940 es
640 1908 691 1940 dic
719 1908 779 1940 ΜΖ.

102 1955 156 1987 Hs.
192 1954 258 1998 (die
291 1954 427 1996 iibrigeu
462 1955 567 1987 haben
599 1957 685 1996 quod
706 1957 780 1993 dz'u3

103 2000 192 2033 viell.
215 2003 302 2042 quod
323 2008 385 2033 tam
419 2003 486 2033 diu.
524 2000 677 2040 dariiber,
704 2001 780 2032 dass

100 2047 171 2086 sie),
215 2046 338 2087 richtig
382 2045 578 2078 iiberliefert
618 2047 687 2082 hat,
730 2046 780 2077 als

99 2091 210 2134 Frage
243 2093 299 2124 des
333 2090 515 2124 Unwillens
549 2102 589 2123 zu
629 2092 778 2132 nehmen,

103 2138 169 2180 vgl.
195 2137 260 2169 Cic.
285 2138 355 2169 Att.
382 2140 413 2177 3,
445 2139 498 2179 13,
532 2139 569 2170 2:
603 2149 651 2170 me
687 2149 779 2170 accu-

99 2195 161 2221 sas,
195 2195 252 2215 cur
287 2200 331 2205 —
356 2184 407 2224 ses
409 2195 468 2215 nm
503 2194 531 2214 u.
565 2183 594 2214 3.
632 2201 676 2205 -—
711 2195 782 2215 eum

100 2230 215 2270 quibus
234 2229 376 2260 braucht
396 2228 443 2264 L.
472 2228 564 2260 nicht
581 2231 777 2270 quibuscum,

103 2272 141 2306 1ἰ.
165 2276 223 2314 19;
249 2285 308 2305 zur
332 2273 438 2306 Sache
463 2285 491 2306 c.
516 2277 547 2314 5,
574 2276 612 2311 62
639 2276 693 2314 26,
721 2276 775 2315 25,

104 2322 162 2360 103
195 2320 270 2351 dass
301 2319 354 2351 die
384 2320 583 2352 Akarnaneu
624 2319 684 2352 auf
719 2321 777 2352 der

98 2364 190 2397 Seite
215 2365 274 2397 der
300 2365 418 2397 Rumor
442 2366 569 2404 stehen,
596 2366 686 2407 zeigt
721 2367 776 2405 36,

101 2412 154 2451 12,
179 2409 234 2445 9f.
270 2410 335 2443 Der
360 2411 439 2443 Satz
463 2411 508 2442 ist
532 2422 568 2443 so
596 2411 775 2444 auffallend

99 2456 238 2498 gestellt
262 2456 327 2488 wie
353 2466 380 2488 c.
407 2458 461 2497 33,
494 2458 552 2497 113
582 2458 635 2498 35,
661 2459 717 2497 47,
743 2459 774 2497 7,

97 2503 164 2534 und
188 2502 303 2534 wiirde
329 2502 421 2534 nicht
446 2502 600 2534 vermisst
623 2503 775 2546 werden;

98 2548 183 2580 auch
206 2547 306 2580 sollte
332 2558 404 2579 man
434 2548 465 2579 in
491 2548 676 2580 demsclben
703 2548 776 2580 eine

850 1362 1050 1403 Andeutung
1083 1363 1142 1395 der
1179 1362 1317 1395 Aetoler
1353 1366 1530 1395 erwarten.

850 1426 893 1430 ——
919 1410 1051 1449 Thyrr.,
1078 1410 1132 1442 36.
1163 1410 1212 1442 11.

897 1500 995 1532 3—7.
1016 1510 1097 1539 cum,
1118 1500 1279 1531 wiihrend
1297 1500 1347 1530 od.
1366 1498 1529 1540 obgleich.

850 1563 892 1567 —-
918 1546 1036 1577 Athen.
1062 1547 1137 1581 Bk„
1164 1557 1190 1576 c.
1225 1546 1256 1582 3,
1292 1548 1320 1578 ’ΐ-
1353 1563 1396 1567 ——
1421 1546 1531 1586 Amy-

849 1593 958 1631 nand„
988 1600 1024 1622 er
1050 1590 1092 1621 ist
1125 1591 1293 1631 ge'a'chtet,
1328 1601 1355 1622 s.
1390 1592 1443 1631 36,
1476 1591 1531 1631 28,

851 1637 881 1677 3,
914 1636 977 1667 und
1020 1635 1141 1667 bedarf
1170 1637 1274 1668 daher
1311 1636 1369 1668 das
1401 1635 1531 1668 sichero

851 1681 973 1721 Geleit,
1009 1692 1035 1712 c.
1073 1683 1103 1714 3
1140 1683 1180 1722 2,
1214 1681 1284 1713 Pol.
1323 1692 1350 1713 c.
1377 1683 1437 1715 29·
1463 1680 1531 1714 δὀ-

842 1726 976 1779 Δι()1ει”σης
1001 1739 1047 1759 αι
1050 1739 1099 1759 τω
1124 1723 1332 1780 (Ξεξᾳιιλειάς
1354 1724 1426 1761 ὑπὸ
1464 1726 1531 1760 τοῦ

850 1768 1010 1818 ΝΙάρκοι
1041 1771 1102 1805 διὰ
1136 1771 1202 1806 τὸν
1227 1769 1368 1820 καιρόν.
1397 1784 1529 1812 —pro

850 1836 893 1841 —-
921 1821 1030 1852 sallia
1056 1829 1081 1849 5.
1108 1820 1162 1858 27,
1190 1820 1243 1858 30,
1271 1822 1308 1857 53
1337 1830 1377 1850 zu
1413 1820 1467 1857 21,
1494 1820 1526 1859 9,

849 1866 880 1897 4.
904 1883 947 1887 -
977 1866 1094 1896 adduci
1121 1883 1166 1887 —
1189 1863 1528 1906 advenc.‚P01vb.l.

849 1910 889 1941 l.:
922 1922 1010 1951 ηκον
1043 1908 1146 1942 nuos}
1188 1912 1260 1943 τῶν
1299 1895 1530 1954 Ἀκαρνάνων

849 1952 927 2000 ue‘t'
957 1953 1086 1997 ολίγας
1103 1953 1239 2002 ήιιέυας
1265 1953 1314 1999 a'y
1317 1957 1417 1992 οντές
1436 1966 1531 1992 τινες

849 1999 934 2039 τοὺς
968 2002 1052 2046 περὶ
1087 1989 1296 2046 Δαμοτέλη
1321 2020 1365 2025 —
1388 2003 1442 2032 sui
1466 2011 1528 2041 op„

851 2048 905 2086 36,
933 2048 985 2087 34,
1027 2049 1063 2086 4,
1098 2049 1151 2086 34,
1187 2049 1240 2087 58,
1279 2049 1328 2080 11.
1355 2048 1529 2077 ——id—

843 2096 971 2133 profic„
998 2091 1065 2123 Cic.
1090 2094 1160 2124 Att.
1187 2095 1218 2133 7,
1256 2094 1307 2131 13,
1348 2094 1382 2126 1:
1407 2094 1476 2133 qui,
1493 2097 1530 2124 ut

850 2141 943 2170 aliud
981 2140 1081 2177 nihil,
1123 2140 1179 2170 hoc
1225 2145 1329 2171 tamen
1370 2138 1531 2178 profecit:

851 2186 934 2216 dedit
958 2186 1010 2215 illi
1032 2186 1187 2227 ἀοῖον-εγω
1213 2195 1253 2215 un
1280 2195 1308 2216 u.
1327 2184 1375 2215 St.
1407 2183 1451 2214 ist
1470 2183 1529 2215 das

852 2229 954 2261 durch
979 2231 1015 2260 id
1038 2229 1264 2270 Angedeutete
1290 2229 1324 2260 in
1349 2236 1385 2262 ut
1409 2247 1453 2251 —
1477 2231 1528 2261 de-

846 2277 997 2307 ditionem
1018 2274 1142 2307 bereits
1163 2275 1337 2307 euthalten
1356 2275 1422 2307 und
1441 2274 1528 2306 wird

845 2321 877 2351 in
903 2320 1045 2352 anderer
1078 2320 1176 2352 Form
1210 2321 1242 2352 in
1274 2323 1376 2361 evicit,
1402 2327 1437 2352 uc
1461 2324 1525 2352 etc.

845 2366 1066 2407 wiederholt3
1100 2376 1134 2398 es
1168 2367 1252 2398 wird
1289 2370 1325 2399 in
1357 2369 1393 2398 id
1423 2365 1473 2397 od.
1500 2372 1528 2398 et

845 2411 898 2443 fiir
923 2414 958 2443 id
983 2413 1181 2444 vemuuthet.
1207 2430 1244 2434 -—<
1283 2414 1402 2445 succed.
1427 2422 1522 2451 mur„

844 2457 916 2489 sich
942 2457 1078 2497 nahern,
1104 2468 1128 2489 s.
1158 2459 1213 2498 31,
1239 2461 1294 2499 45,
1323 2460 1362 2497 53
1387 2459 1442 2498 22,
1468 2458 1526 2499 28,

850 2505 907 2542 123
940 2513 1000 2534 zur
1032 2503 1198 2535 Situation
1230 2505 1284 2543 36,
1319 2504 1373 2544 34,
1413 2505 1446 2537 4.
1483 2520 1528 2525 —-

822 2572 826 2574 >
841 2555 1008 2588 postremo,
1036 2549 1182 2583 zeitlich,
1207 2548 1358 2591 obgleich
1384 2560 1454 2582 cum
1484 2565 1529 2570 —
