1747 2841
143 137 224 180 170
574 134 701 168 LIBER
728 132 908 167 xxxvn.
934 133 1025 166 CAP.
1053 136 1082 168 τ.
1109 135 1138 169 8.

1427 139 1452 158 a.
1469 139 1497 158 u.
1515 132 1576 159 564.

79 255 120 286 10
141 241 340 287 destituat,
372 239 467 278 nihil
495 251 565 289 per
588 237 817 277 Thraeciam
837 237 928 276 satis
960 242 1085 276 tutum
1106 236 1285 275 habebis:
1315 237 1444 287 itaque
1466 237 1576 288 prius

140 298 241 349 regis
274 297 449 335 animum
482 295 674 345 explorari
706 294 840 345 placet.
881 294 1025 344 optime
1050 293 1326 344 explorabitur,
1358 293 1390 332 si
1412 294 1507 332 nihil
1526 305 1573 332 ex

80 364 120 395 11
141 359 369 405 praeparato
409 358 587 403 agentern
628 351 824 402 opprimet
855 351 922 401 qui
951 350 1160 389 mittetur.“
1231 350 1289 388 Ti.
1316 350 1575 401 Sempronius

142 410 353 456 Gracchus,
377 410 492 459 longe
513 414 596 447 tum
617 408 829 446 acerrimus
844 407 1044 453 iuvenum,
1064 407 1110 445 ad
1123 406 1160 445 id
1175 406 1345 445 delectus
1356 419 1426 458 per
1439 407 1574 457 dispo—

140 469 234 506 sitos
256 479 379 517 equos
403 477 526 516 prope
549 464 764 503 incredibili
787 464 980 503 celeritate
1003 463 1049 501 ab
1063 463 1270 514 Amphissa
1293 486 1347 490 —
1367 463 1458 502 inde
1470 464 1576 502 enim

78 535 120 567 12
141 530 198 563 est
220 523 404 561 dimissus
427 544 481 548 —
505 522 565 560 die
588 521 698 560 tertio
721 521 867 559 Pellam
889 520 1078 571 pervenit.
1131 520 1172 558 in
1195 520 1378 558 convivio
1403 532 1471 558 rex
1495 524 1577 558 erat
1619 566 1623 570 ⁵

140 586 177 619 et
207 580 247 618 in
278 579 446 617 multum
469 578 548 617 vini
569 583 831 629 processerat:
864 589 906 615 ca
928 577 1012 627 ipsa
1035 576 1213 615 remissio
1238 577 1357 615 animi
1381 576 1575 627 suspicio-

80 644 120 677 13
141 648 231 675 nem
255 635 424 686 dempsit
447 647 593 673 novare
617 646 707 672 eum
731 634 939 684 quicquam
962 633 1070 671 velle.
1101 639 1137 671 et
1158 639 1243 671 tum
1268 633 1426 682 quidem
1449 632 1574 671 comi-

139 699 197 732 ter
217 697 397 743 acceptus
421 692 577 742 hospes,
598 697 755 742 postero
781 690 841 728 die
865 694 1106 728 commeatus
1129 689 1314 728 exercitui
1329 695 1483 739 paratos
1501 689 1572 727 be—

139 750 277 801 nigne,
308 754 448 799 pontes
477 748 517 786 in
540 748 768 787 fluminibus
790 749 912 786 factos
927 778 935 793 ,
969 747 1047 785 vias
1063 777 1071 792 ,
1103 745 1171 784 ubi
1193 745 1378 784 transitus
1401 745 1576 784 difficiles

80 815 121 847 14
142 812 262 850 erant,
296 806 464 844 munitas
499 805 602 843 vidit.
644 805 737 843 haec
771 806 946 842 referens
973 803 1119 849 eadem,
1152 815 1228 853 qua
1249 802 1355 849 ierat,
1386 802 1577 841 celeritate

139 863 372 901 Thaumacis
403 862 574 900 occurrit
604 861 768 899 consuli.
819 860 910 899 inde
943 860 1107 898 certiore
1133 865 1170 898 et
1191 859 1336 897 maiore
1359 871 1427 910 spe
1449 859 1576 898 laetus

81 936 120 968 15
141 919 334 958 exercitus
355 919 401 957 ad
423 923 647 969 praeparata
670 918 800 956 omnia
822 917 861 955 in
882 916 1147 955 Macedoniam
1173 915 1362 966 pervenit.
1414 915 1576 954 venien-

139 977 186 1015 tis
218 976 324 1026 regio
356 981 543 1026 apparatu
576 980 612 1013 et
642 974 788 1025 accepit
809 979 846 1012 et
868 979 1101 1024 prosecutus
1126 978 1183 1011 est
1204 984 1285 1010 rex.
1327 973 1447 1011 multa
1468 972 1509 1010 in
1530 983 1575 1010 eo

141 1039 177 1071 et
210 1032 413 1071 dexteritas
441 1037 477 1070 et
499 1031 718 1070 humanitas
742 1031 843 1077 visa,
877 1043 975 1081 quae
998 1028 1322 1068 commendabilia
1345 1029 1448 1079 apud
1470 1028 1576 1067 Afri-

141 1101 282 1128 canum
301 1094 421 1135 erant,
439 1088 567 1126 virum
590 1088 690 1126 sicut
710 1087 757 1126 ad
781 1092 906 1126 cetera
930 1086 1140 1137 egregium,
1162 1086 1211 1124 ita
1229 1098 1249 1124 a
1263 1085 1456 1132 comitate,
1478 1097 1577 1135 quae

79 1152 121 1184 16
141 1146 224 1185 sine
246 1145 400 1184 luxuria
421 1150 531 1191 esset,
558 1156 639 1182 non
662 1156 855 1182 aversum.
886 1144 977 1182 inde
993 1155 1075 1181 non
1087 1155 1157 1193 per
1168 1142 1435 1181 Macedoniam
1454 1141 1572 1180 modo

141 1203 209 1241 sed
234 1202 348 1240 etiam
370 1201 598 1240 Thraeciam
620 1206 883 1252 prosequente
908 1206 945 1239 et
964 1204 1218 1250 praeparante
1239 1199 1370 1238 onmia
1391 1198 1571 1249 Philippo

142 1260 188 1298 ad
214 1259 510 1308 Hellespontum
533 1263 768 1308 perventum
793 1263 861 1295 est.

94 1321 122 1360 8
256 1314 473 1353 Antiochus
500 1321 589 1365 post
619 1314 793 1352 navalem
825 1313 872 1352 ad
906 1313 1101 1363 Corycum
1133 1323 1307 1362 pugnam
1339 1323 1429 1350 cum
1458 1317 1580 1350 totam

141 1427 223 1459 iiber
259 1427 320 1458 den
354 1425 514 1458 VVechscl
550 1426 606 1457 des
641 1424 757 1457 Modus
799 1435 824 1456 s.

142 1475 197 1514 21,
228 1474 279 1513 13,
313 1475 350 1506 5:
385 1475 414 1504 si
436 1474 576 1504 audiatis
607 1489 652 1493 —
677 1473 822 1503 habituri

896 1423 1069 1456 vielleicht
1101 1430 1129 1456 ec
1161 1426 1227 1464 ipse
1258 1435 1308 1456 eos
1338 1434 1428 1463 pros.
1455 1430 1500 1455 est
1522 1432 1581 1464 ge-

896 1470 1081 1502 schrieben.
1120 1487 1164 1492 —
1198 1481 1262 1511 req.
1291 1480 1423 1509 appan,
1461 1467 1579 1511 Polyb.

141 1521 233 1559 escis,
270 1529 310 1550 zu
344 1519 407 1552 30,
432 1519 495 1557 44,
526 1519 584 1557 10;
610 1518 672 1558 23,
700 1518 760 1556 33,
788 1518 826 1556 93

144 1564 212 1599 Cic.
232 1564 294 1595 Att
312 1565 378 1605 .16,
400 1565 450 1603 14,
479 1564 493 1595 1
511 1574 517 1594 :
541 1566 571 1595 si
591 1569 698 1603 posset
715 1580 758 1584 —
774 1564 825 1594 sin

142 1617 245 1643 autem
269 1612 434 1648 vincinam
467 1608 511 1640 ib.
548 1611 577 1649 7,
616 1610 666 1642 10.
708 1626 751 1630 —-
790 1619 828 1640 ex

136 1667 262 1697 praep„
290 1657 355 1695 28,
394 1656 457 1696 29,
483 1655 522 1697 93
548 1656 610 1693 22,
639 1655 759 1695 41,1.
785 1671 827 1675 —

145 1703 289 1739 Graoeh„
324 1701 378 1742 38,
405 1702 460 1741 52,
491 1702 522 1733 9.
546 1718 584 1722 —
602 1710 705 1739 ωορκ,
727 1699 827 1730 iiber-

145 1747 294 1779 raschen.
334 1764 378 1768 --
413 1748 549 1785 dispos.,
584 1744 824 1787 Relaispferde.

145 1811 189 1815 —-
207 1795 289 1832 inde,
316 1791 386 1823 also
411 1801 475 1823 vor
496 1792 568 1823 dem
599 1790 655 1833 §7
679 1790 824 1822 Erz'ahl-

145 1843 211 1871 ten.
247 1856 290 1860 —
318 1840 456 1876 Pellam,
500 1837 551 1869 die
582 1836 744 1869 Residenz
771 1837 830 1868 der

147 1883 287 1925 Kiinige,
317 1886 372 1924 44,
399 1885 452 1916 46.

196 1931 338 1963 12—16.
365 1932 401 1961 in
417 1930 505 1961 mult.
521 1930 601 1967 vim,
621 1927 703 1959 weit
723 1926 756 1958 in
771 1927 829 1958 das

146 1975 387 2008 VVeintrinken
419 1974 549 2013 hinein,
596 1973 641 2005 ist
678 1973 762 2004 nach
795 1975 830 2004 in

147 2024 281 2054 multam
305 2028 423 2053 noctem
448 2031 479 2051 u.
507 2019 730 2060 ἒ1.381111(18ῐ,
759 2018 830 2060 vgl.

148 2068 202 2105 33,
230 2068 284 2106 48,
315 2068 353 2099 6:
379 2068 476 2098 multo
502 2068 574 2097 vino
603 2068 638 2096 in
654 2075 757 2096 serum
771 2076 830 2096 no-

146 2115 205 2145 ctis
243 2114 423 2144 convivium
456 2114 658 2151 perductum.
697 2128 740 2132 —
778 2121 830 2142 re-

147 2160 270 2198 missio,
307 2157 541 2199 Abspanuung,
569 2155 763 2197 Hingebung
789 2166 831 2187 an

149 2204 201 2236 die
231 2202 388 2235 Geniisse.
416 2221 459 2225 —
488 2204 629 2244 bem'yne,
658 2212 739 2243 geru
765 2202 831 2233 und

149 2249 321 2281 reichlich.
358 2266 404 2270 —
440 2250 508 2280 vias
532 2252 608 2288 etc.,
635 2258 661 2279 s.
693 2248 746 2286 39,
776 2248 830 2287 28,

150 2297 180 2329 9.
215 2313 254 2316 —
285 2297 360 2326 haee
382 2295 466 2335 ref,
492 2293 582 2325 diese
614 2311 646 2315 —
677 2293 737 2324 mit
762 2292 833 2324 sich

150 2340 322 2382 bringend.
351 2358 393 2361 —
425 2342 576 2379 Thaum,
611 2341 664 2379 36,
696 2340 747 2379 14,
782 2340 831 2371 12.

151 2404 194 2408 —-
215 2388 381 2426 adpraep.
401 2396 458 2417 om.
476 2385 671 2417 bczeichnet
697 2384 749 2416 die
773 2384 831 2415 Βε-

150 2431 328 2472 stimmung
339 2431 396 2462 der
404 2430 577 2463 Vorriithe
586 2429 639 2462 fiir
648 2429 701 2461 die
713 2429 834 2461 Rb'mer

151 2487 297 2517 genauer
309 2477 358 2508 als
369 2480 403 2508 in
414 2479 647 2516 Macedoniam,
660 2478 833 2516 ubipraep.

150 2529 250 2555 erant.
269 2541 312 2545 —
328 2529 356 2555 et
366 2534 488 2563 prosec.
513 2529 567 2562 est,
588 2521 746 2564 Appiam:
772 2522 833 2553 καὶ

152 2565 353 2611 ὑπεδέχειο
371 2569 429 2600 καὶ
450 2570 708 2614 παρέπεμπεν,
725 2566 759 2598 L.
775 2567 833 2598 hat

898 1515 961 1557 frg.
1004 1517 1085 1549 137:
1123 1513 1190 1549 tor
1221 1515 1262 1548 δὲ
1304 1511 1478 1547 Πόπλιον
1515 1515 1578 1546 καὶ

897 1560 963 1594 τὸν
996 1557 1110 1594 Γάιον
1135 1558 1413 1604 ἀποδεξάμενος
1445 1560 1579 1605 φιλαν-

897 1605 1059 1653 θρώπως
1097 1607 1158 1639 καὶ
1196 1606 1486 1652 μεγαλομερῶς,
1538 1605 1580 1638 ib.

902 1654 975 1686 136.
1021 1671 1063 1675 ——
1113 1654 1321 1684 commendab.
1362 1653 1422 1683 hat
1466 1650 1581 1683 Cicero

898 1698 983 1730 noch
1008 1697 1101 1729 nicht
1125 1698 1318 1739 gebraucht.
1354 1716 1387 1719 -—
1423 1699 1466 1730 ad
1484 1704 1583 1730 cetera

897 1756 1017 1786 mma,
1058 1743 1124 1785 vgl.
1165 1745 1225 1784 38,
1261 1745 1319 1783 14,
1348 1744 1384 1776 3:
1411 1745 1454 1774 ad
1476 1745 1583 1775 omnia

897 1792 999 1831 infido
1040 1796 1067 1822 et
1104 1793 1307 1829 importuno;
1363 1788 1582 1820 verschiedeu

899 1836 944 1867 ist
985 1837 1046 1874 30,
1089 1837 1124 1875 1,
1166 1838 1205 1875 43
1242 1834 1453 1875 gewiihnlioh
1493 1834 1582 1866 steht

898 1881 952 1913 bei
984 1884 1138 1923 eyreyius.
1168 1881 1227 1912 der
1243 1879 1384 1911 Ablativ
1400 1879 1461 1911 mit
1475 1883 1520 1911 in.
1538 1897 1583 1902 —

899 1929 1001 1960 comit.
1027 1925 1167 1958 umfasst
1193 1926 1278 1957 nach
1293 1926 1366 1957 dem
1380 1925 1473 1967 Folg.
1497 1925 1583 1957 auch

900 1973 951 2004 die
980 1971 1242 2013 Freigebigkeit,
1273 1971 1337 2012 vgl.
1372 1973 1409 2011 1,
1437 1972 1491 2012 34,
1523 1972 1581 2011 113

901 2018 1008 2050 Plaut.
1048 2017 1139 2049 Trin.
1165 2019 1204 2057 2,
1249 2019 1286 2057 2,
1321 2018 1374 2050 51.
1404 2034 1448 2039 ——
1478 2018 1534 2049 sed
1555 2022 1584 2048 et

901 2066 991 2104 Thr„
1031 2063 1098 2104 vgl.
1125 2074 1150 2095 c.
1177 2065 1209 2103 3.
1240 2064 1289 2096 10.
1337 2061 1416 2094 Erst
1445 2063 1500 2102 38,
1526 2063 1581 2101 41,

904 2111 943 2143 12
980 2109 1065 2140 wird
1104 2109 1177 2140 eine
1210 2106 1270 2140 auf
1305 2107 1417 2140 diesen
1451 2107 1585 2140 Marsch

900 2155 972 2187 sich
997 2154 1199 2186 hezichende
1215 2153 1386 2185 Anecdote
1404 2164 1462 2185 aus
1481 2152 1583 2185 Clau-

902 2200 986 2241 dius,
1021 2201 1083 2232 den
1120 2199 1155 2232 L.
1193 2210 1222 2231 a.
1249 2210 1282 2233 u.
1312 2199 1359 2231 St.
1390 2199 1483 2230 nicht
1510 2198 1583 2230 cin-

903 2247 1045 2288 gesehen
1082 2247 1157 2283 hat,
1200 2246 1457 2286 nachgetragen.
1514 2244 1585 2276 Den

901 2291 1015 2323 Erlass
1045 2291 1104 2323 der
1131 2290 1483 2332 Hriegscontribution
1502 2288 1583 2321 Phi-

901 2337 1006 2380 lipps,
1039 2348 1063 2369 s.
1090 2348 1130 2369 zu
1155 2338 1217 2375 36,
1251 2338 1313 2376 35,
1344 2338 1395 2377 12,
1422 2336 1584 2376 iibergeht

904 2383 939 2414 L.
966 2383 1058 2422 hier,
1101 2387 1188 2414 sctzt
1213 2382 1270 2413 ibn
1295 2382 1375 2414 aber
1400 2392 1427 2413 c.
1456 2383 1510 2421 25,
1539 2382 1579 2414 12

903 2428 953 2460 als
989 2429 1136 2460 bekannt
1161 2437 1292 2459 vorans.

951 2471 987 2509 8.
1045 2473 1238 2514 Riistungen
1287 2472 1343 2504 des
1389 2471 1583 2503 Antiochus.

904 2519 1043 2562 Appian.
1072 2519 1148 2562 Syr.
1176 2521 1228 2552 22.

953 2566 1049 2599 1-3.
1085 2568 1214 2605 Gorya,
1252 2565 1313 2604 36,
1341 2564 1402 2604 43,
1431 2562 1588 2595 schliesst
