1747 2841
119 105 146 124 a.
166 97 218 125 Ch.
240 97 297 125 191.

586 98 711 132 LIBER
739 99 904 134 xxxxi.
940 99 1033 133 CAP.
1059 102 1090 134 9.

1464 101 1542 142 101

123 214 212 241 cum
235 201 475 252 disceptaret.
521 200 658 240 eodem
678 208 854 253 tempore
878 203 1112 254 quingentos
1134 208 1302 240 armatos
1325 201 1423 241 duce
1444 202 1541 253 llip-
1562 211 1581 239 3

121 257 288 309 polocho
320 257 464 296 Pheras
497 257 535 295 in
567 258 804 308 praesidium
836 259 1047 304 miserunt3
1090 258 1115 297 ii
1147 257 1292 297 exclusi
1319 258 1436 304 aditu,
1468 259 1542 297 iam

123 314 252 353 onmia
275 314 413 352 itinera
435 312 702 353 obsidentibus
727 315 853 366 regiis,
877 315 1078 354 Scotusam
1103 326 1143 353 se
1164 320 1408 364 receperunt.
1438 314 1540 365 lega-
1561 323 1582 354 4

119 370 167 409 tis
190 369 460 409 Larisaeorum
492 382 559 408 rex
591 371 801 410 clementer
832 370 1044 421 respondit,
1074 382 1155 408 non
1177 369 1265 408 belli
1284 369 1451 409 faciendi
1475 370 1541 409 sed

119 426 285 465 tuendae
316 432 353 465 et
382 425 630 465 stabiliendae
661 427 844 466 libertatis
865 427 1141 465 Thessalorum
1173 438 1287 465 causa
1307 438 1348 465 se
1373 426 1541 465 Thessa-

118 481 208 521 liam
225 482 402 521 intrasse.
445 482 581 521 similia
603 483 674 530 his,
706 483 772 534 qui
796 495 886 522 cum
907 483 1088 522 Pheraeis
1110 488 1250 533 ageret,
1283 482 1448 528 missus;
1481 483 1541 520 cui
1563 486 1582 516 5

119 538 227 577 nullo
259 538 346 577 dato
377 550 567 589 responso
595 539 757 578 Pheraei
786 540 859 590 ipsi
888 539 1054 590 legatum
1086 539 1132 577 ad
1165 550 1295 589 regem
1327 538 1541 589 principem

122 594 282 634 civitatis
302 594 532 633 Pausaniam
566 596 767 634 miserunt.
809 596 875 646 qui
896 607 986 634 cum
1006 595 1108 633 haud
1134 594 1331 634 dissimilia
1352 594 1411 640 iis,
1442 600 1485 633 ut
1502 595 1542 633 in
1561 598 1582 629 6

120 663 232 689 causa
264 651 358 702 pari,
389 662 487 701 quae
517 664 589 702 pro
614 651 927 691 Chalcidensilnls
958 652 998 690 in
1021 651 1214 701 colloquio
1235 651 1280 689 ad
1304 650 1438 702 Euripi
1462 652 1541 689 fre-

118 713 202 745 tum
224 707 321 746 dicta
342 714 462 754 erant,
493 708 680 758 quaedam
703 708 815 747 etiam
838 708 1007 746 ferocius
1031 708 1180 759 egisset,
1203 719 1271 745 rex
1294 707 1407 746 etiam
1427 712 1543 757 atque
1562 708 1582 740 7

119 764 232 802 etiam
263 763 474 802 deliberare
505 777 571 803 eos
600 765 740 808 iussos,
771 776 820 802 ne
840 764 877 802 id
899 764 1048 803 consilii
1071 769 1264 814 caperent,
1295 763 1417 808 cuius,
1449 762 1542 801 dum

117 820 158 858 in
185 821 364 859 futurum
387 820 504 859 nimis
535 821 635 859 cauti
666 826 701 859 et
728 820 880 871 providi
912 826 1062 867 essent,
1093 820 1287 870 extemplo
1319 819 1543 870 paeniteret,

119 875 272 916 dimisit.
323 876 418 915 haec
450 877 667 915 renuntiata
697 876 842 915 Pheras
872 877 1006 928 legatio
1039 888 1130 915 cum
1161 881 1273 922 esset,
1304 887 1353 913 ne
1383 874 1542 925 paulum
1564 882 1584 913 8

118 932 277 982 quidem
301 932 537 978 dubitarunt,
569 933 663 983 quin
696 945 768 983 pro
800 932 875 972 side
897 945 985 984 erga
1004 933 1218 978 Romanos,
1249 931 1438 982 quidquid
1460 932 1542 969 sors

117 987 207 1028 belli
230 989 389 1034 tulisset,
411 995 648 1039 paterentur.
689 989 818 1039 itaque
841 996 877 1028 et
899 989 935 1028 vi
956 1001 1109 1028 summa
1132 1001 1206 1039 ope
1227 987 1414 1039 parabant
1433 1000 1473 1025 se
1495 987 1540 1025 ad
1561 993 1581 1024 9

117 1044 254 1084 urbem
277 1045 575 1092 desendemlam,
596 1051 633 1084 et
652 1057 719 1084 rex
741 1045 787 1083 ab
813 1046 919 1085 omni
940 1051 1047 1096 parte
1068 1046 1183 1084 simul
1195 1056 1423 1095 oppugnare
1436 1055 1540 1081 moe-

116 1101 178 1140 nia
210 1107 266 1140 est
285 1101 491 1152 adgressus
511 1108 558 1147 et,
588 1108 629 1140 ut
653 1102 720 1152 qui
743 1102 832 1141 satis
854 1102 1092 1153 intellegeret
1111 1124 1164 1128 —
1188 1113 1317 1152 neque
1340 1100 1445 1139 enim
1466 1099 1540 1138 du·
1564 1106 1604 1137 10

115 1156 226 1196 bium
252 1165 333 1196 erat.
354 1180 407 1185 —
428 1158 469 1196 in
501 1163 642 1197 eventu
674 1158 756 1196 eius
784 1158 891 1197 urbis
914 1159 1087 1209 positum
1108 1170 1204 1203 esse,
1236 1168 1352 1207 quam
1375 1156 1541 1207 primani

117 1213 323 1265 adgressus
343 1220 454 1259 esset,
475 1220 541 1253 aut
562 1215 694 1265 sperni
714 1214 854 1253 deinde
875 1214 922 1253 ab
944 1216 1126 1253 universa
1138 1220 1250 1264 gente
1264 1212 1542 1252 Thessalorum

116 1277 180 1309 aut
204 1270 329 1309 timeri
350 1282 402 1315 se,
425 1282 583 1309 omnem
604 1271 779 1321 undique
798 1277 989 1310 terrorem
1014 1270 1336 1309 obsessisiniecit..
1367 1269 1540 1319 primum
1564 1272 1601 1305 11

116 1326 309 1377 impetum
347 1327 648 1377 oppugnationis
688 1327 776 1365 satis
809 1333 1032 1366 constanter
1063 1326 1356 1372 sustinuerunt3
1402 1324 1541 1363 deinde

118 1394 206 1421 cum
231 1382 340 1421 multi
360 1389 652 1433 propugnantes
673 1383 855 1422 caderent
875 1384 1261 1428 autvulnerarentur,
1282 1381 1410 1420 labare
1422 1381 1541 1419 animi

117 1445 342 1489 coeperunt.
381 1439 549 1477 revocati
579 1439 718 1477 deinde
748 1439 1078 1490 castigationibus„
1094 1439 1316 1489 principum
1335 1437 1382 1476 ad
1405 1449 1540 1487 perse-
1562 1440 1603 1473 12

116 1494 331 1533 verandum
352 1494 390 1532 in
412 1495 626 1545 proposito,
657 1495 788 1534 relicto
812 1496 1000 1534 exteriore
1022 1495 1164 1533 circulo
1190 1494 1303 1539 muri,
1327 1493 1541 1532 deficienti-

114 1550 189 1589 bus
211 1551 287 1590 iam
309 1551 432 1601 copiis
454 1551 494 1589 in
514 1551 738 1590 interiorem
759 1558 906 1602 partem
928 1551 1037 1590 urbis
1065 1556 1356 1596 concesserunt,
1378 1549 1542 1587 cuibre-

114 1607 201 1646 vior
232 1606 337 1646 orbis
370 1607 600 1646 munitionis
633 1608 905 1647 circumiectus
938 1614 1039 1653 erat3
1070 1613 1270 1658 postremo
1302 1606 1391 1645 victi
1423 1605 1544 1650 malis,

116 1749 299 1783 Pausanias
325 1752 384 1783 der
408 1755 495 1784 erste
521 1750 643 1783 Pr'ator
670 1752 797 1785 dersel-

118 1796 180 1828 ben
219 1797 302 1828 nach
336 1797 394 1829 der
419 1795 597 1838 Befreiung
633 1808 696 1829 von
736 1798 797 1830 den

117 1841 351 1874 Macedoniern
367 1852 518 1883 gewesen
539 1853 622 1884 war,
647 1842 798 1875 Niebuhr

116 1885 172 1919 Rl.
199 1886 365 1919 Schriften
397 1890 432 1928 1,
460 1889 537 1922 243.
565 1906 609 1910 --
645 1891 680 1921 in
695 1900 797 1929 prae-

117 1934 245 1974 sidium,
272 1943 324 1964 um
351 1942 384 1965 es
403 1944 443 1965 zu
464 1934 634 1976 schiitzen,
660 1935 715 1975 31,
745 1937 796 1977 16,

118 1980 147 2010 7.
175 1995 221 2000 --
247 1980 408 2019 obsident„
435 1978 565 2011 besetzt
588 1979 726 2012 hielten.
751 1998 796 2002 —

117 2024 190 2056 belli
203 2025 297 2065 saon,
334 2025 387 2065 31,
416 2026 469 2064 11,
496 2027 526 2057 6.
555 2043 598 2047 —-
626 2027 743 2068 libera,
770 2036 795 2058 s.

118 2069 172 2109 35,
198 2070 252 2109 46,
279 2070 330 2103 10.
352 2087 396 2091 —
422 2072 571 2110 Chalce'd„
598 2072 651 2111 35,
677 2073 732 2112 46,
757 2073 796 2111 93

116 2116 234 2154 Eurip.
251 2115 325 2155 fr„
352 2115 410 2147 der
433 2114 576 2157 Euripus
601 2116 714 2156 selbst,
741 2118 796 2157 28,

118 2161 157 2198 6,
190 2161 242 2200 103
268 2169 302 2191 es
327 2159 372 2192 ist
397 2161 462 2192 wol
485 2161 537 2193 die
557 2161 797 2203 Vei-handlung

119 2206 174 2244 35,
202 2205 255 2243 38,
276 2207 318 2239 10
337 2206 498 2249 gemeint3
522 2206 573 2240 ‹lie
594 2208 796 2239 vornehmen

117 2248 308 2282 Thessalici·
335 2251 408 2283 sind
432 2251 492 2283 mit
517 2252 575 2284 der
599 2263 662 2284 von
691 2252 795 2295 Quin-

118 2294 204 2327 ctius
231 2296 285 2335 34,
313 2298 350 2329 51
382 2297 570 2338 gegebenen
589 2297 797 2339 Vei-lassung

117 2339 296 2372 zufrieden.
323 2359 364 2364 —
392 2344 427 2373 in
442 2343 536 2384 fut„
561 2354 614 2375 um
638 2344 709 2375 sich
735 2354 797 2375 vor

118 2385 180 2417 den
205 2385 346 2418 Riimern
378 2387 486 2419 sicher
519 2398 559 2420 zu
594 2389 725 2423 stellen.
752 2407 797 2411 —*

117 2434 287 2472 extemplo,
323 2431 413 2472 jetzt
438 2433 602 2476 sogleich,
645 2434 714 2475 vgl.
741 2436 795 2475 39,

116 2477 173 2515 48,
202 2478 236 2510 1:
261 2480 467 2518 extemplo—
484 2490 576 2517 mom
601 2481 657 2520 40,
683 2481 737 2519 48,
764 2481 796 2513 6.

119 2539 162 2544 —
181 2525 304 2562 paem't.
333 2524 416 2555 ohne
441 2535 501 2557 eos.

917 1754 1039 1787 8—11.
1068 1758 1213 1790 renum„
1239 1752 1294 1790 23,
1323 1752 1353 1791 6,
1381 1752 1410 1783 3.
1435 1768 1478 1772 -
1506 1761 1546 1782 we

863 1797 955 1838 paul.
989 1799 1075 1839 quid.
1101 1797 1211 1837 „auch
1236 1796 1327 1828 nicht
1351 1795 1445 1828 einen
1470 1794 1544 1827 Mo-

866 1844 997 1884 ment,“
1037 1841 1245 1884 geschweige
1279 1842 1354 1874 dass
1380 1852 1410 1873 u.
1435 1852 1460 1872 s.
1487 1850 1544 1880 W„

867 1891 929 1930 38,
956 1888 1245 1930 27‚1.—fore
1271 1889 1318 1927 b.,
1345 1889 1408 1927 44,
1437 1887 1477 1927 S,
1505 1887 1542 1918 3:

857 1936 1002 1976 fortuna
1026 1936 1105 1966 belli.
1120 1951 1163 1956 —
1182 1935 1219 1965 ab
1244 1944 1270 1964 0.
1290 1939 1396 1972 parte,
1423 1931 1455 1963 iu
1482 1931 1543 1962 den

865 1981 1005 2013 meisteu
1021 1979 1093 2011 Hss.
1119 1977 1203 2011 fehlt
1219 1980 1269 2018 ab,
1295 1978 1362 2019 vgl.
1381 1988 1407 2008 c.
1431 1979 1484 2017 24,
1505 1979 1515 2009 1
1531 1988 1541 2016 ;

865 2028 898 2065 4,
927 2028 981 2066 28,
1009 2027 1040 2065 2,
1066 2025 1185 2056 anders
1212 2025 1266 2063 37,
1295 2026 1347 2064 18,
1371 2026 1400 2056 5.
1419 2040 1463 2045 —-
1485 2024 1541 2054 ad-

863 2083 989 2114 qwssus
1006 2069 1252 2112 gewtihulicher
1272 2071 1415 2108 adortus,
1433 2069 1465 2108 3,
1487 2069 1541 2107 35,

866 2120 908 2157 ῖς
933 2120 988 2157 40,
1013 2119 1067 2157 25,
1095 2119 1138 2156 5⁶,
1170 2115 1203 2146 in
1248 2114 1402 2146 auderem
1440 2113 1542 2145 Sinue

865 2161 886 2204 ξ
915 2164 966 2196 10.
994 2179 1035 2185 --
1063 2173 1160 2203 quam
1180 2172 1255 2200 pr„
1288 2162 1351 2201 23,
1389 2163 1448 2200 10,
1483 2161 1541 2192 10:

863 2220 959 2250 quam
977 2210 1133 2248 primum.
1174 2208 1285 2246 sperni
1315 2223 1358 2228 —
1392 2217 1423 2238 se
1455 2205 1539 2236 nach

859 2256 1001 2294 positum
1024 2260 1067 2286 est
1093 2252 1125 2284 in
1151 2251 1259 2284 dieser
1283 2251 1474 2291 Bedeutung
1497 2249 1543 2282 ist

865 2300 933 2330 wol
957 2299 1075 2339 selten,
1101 2297 1219 2329 anders
1247 2296 1313 2328 Cic.
1331 2296 1404 2328 Fin.
1427 2298 1457 2335 5,
1484 2297 1540 2334 25,

867 2345 908 2377 73
937 2356 968 2375 u.
993 2354 1034 2382 a.,
1063 2343 1115 2375 die
1140 2343 1208 2374 iulf.
1233 2352 1338 2384 praes.
1360 2341 1463 2373 sollen
1483 2341 1543 2372 das

865 2390 973 2421 sichre
999 2388 1175 2420 Eiutreten
1199 2388 1418 2426 bezeichnen,
1455 2397 1481 2418 e.
1511 2388 1541 2426 1,

867 2436 907 2467 3:
930 2437 1116 2476 propaqari.

917 2482 954 2513 12
971 2499 987 2502 -
1009 2482 1058 2513 15.
1084 2482 1234 2521 σπεῖραι,
1261 2480 1315 2519 31,
1341 2480 1397 2518 46,
1425 2480 1476 2511 11.
1498 2493 1542 2497 -

867 2528 1012 2558 interior.
1042 2543 1078 2548 -
1109 2527 1232 2557 brevior
1257 2529 1342 2564 etc.‚
1368 2523 1420 2555 die
1445 2523 1545 2555 Stant
