1747 2841
231 133 316 175 254

675 133 800 166 LIBER
824 133 1005 167 XXXVII.
1039 133 1131 166 CAP.
1154 136 1208 167 54.

1505 140 1533 158 a..
1550 140 1579 158 u.
1595 131 1658 159 565.

226 238 354 278 socios
377 244 414 277 et
433 250 514 277 non
538 238 724 277 decedere
746 237 922 277 instituto
946 244 1075 277 vestro
1097 242 1134 276 et
1157 237 1393 285 meminisse,
1425 249 1543 289 quem
1562 238 1657 278 titu-

226 295 309 334 lum
344 295 637 347 praetenderitis
676 295 784 346 prius
821 294 1009 333 adversus
1039 294 1285 345 Philippum,

166 359 209 392 14
228 352 465 391 Antiochum
490 352 588 396 belli,
612 352 704 402 quid
730 351 894 390 feceritis
918 351 1096 402 Philippo
1120 351 1232 398 victo,
1255 351 1349 401 quid
1374 363 1515 389 nunca
1531 351 1657 399 vobis,
1679 381 1684 385 .

1331 306 1439 333 nunc
1468 293 1656 334 adversus

227 421 308 448 non
328 409 449 459 magis
473 409 561 458 quia
582 408 737 454 fecistis,
761 420 877 459 quam
900 408 989 458 quia
1010 407 1047 446 id
1074 420 1142 446 vos
1166 409 1291 446 facere
1313 408 1432 454 decet,
1456 408 1653 447 desidere—

226 472 290 504 tur
315 472 430 516 atque
451 471 686 516 expectetur.
727 465 796 503 alia
829 465 933 503 enim
963 465 1044 503 aliis
1068 470 1105 503 et
1126 465 1286 503 honesta
1309 470 1345 503 et
1366 464 1575 515 probabilis
1598 471 1657 504 est

166 533 207 565 15
227 535 341 561 causa
360 534 583 560 armorum:
611 522 663 560 illi
683 534 832 572 agrum,
865 521 902 559 hi
924 521 1040 567 vicos,
1063 521 1103 559 hi
1126 521 1279 572 oppida,
1302 521 1339 559 hi
1362 528 1498 572 portus
1522 533 1654 560 oram-

227 591 304 630 que
333 579 501 629 aliquam
534 579 648 617 maris
680 586 722 618 ut
752 578 994 629 possideant3
1027 590 1096 616 vos
1128 590 1199 616 nec
1231 578 1390 629 cupistis
1422 579 1515 617 haec
1544 585 1655 617 ante·-

227 648 344 686 quam
369 635 571 682 haberetis,
602 647 674 674 nec-
695 648 812 682 uunc,
844 647 934 673 cum
955 634 1059 673 orbis
1081 640 1273 673 terrarum
1295 635 1333 673 in
1355 635 1507 674 dicione
1530 640 1657 674 vestra

165 699 206 731 16
225 693 285 739 sit,
317 704 460 742 cupere
490 692 662 743 potestis.
709 705 779 743 pro
812 692 991 742 dignitate
1018 698 1054 730 et
1084 691 1204 742 gloria
1232 692 1335 742 apud
1367 704 1484 730 omne
1513 693 1656 731 huma-

226 761 325 787 num
354 761 490 800 genus,
521 749 627 800 quod
661 755 832 787 vestrum
864 760 1007 787 nomen
1034 748 1323 799 imperiumque
1353 748 1457 786 iuxta
1487 761 1530 788 ac
1562 749 1657 788 deos

225 806 463 844 immortales
481 806 557 844 iam
580 806 731 856 pridem
753 806 937 852 intuetur,
962 805 1173 856 pugnastis.
1207 817 1305 855 quae
1327 817 1463 855 parare
1487 812 1524 844 et
1534 818 1657 857 quae-

166 869 205 901 17
225 875 312 901 rere
332 863 499 901 arduum
524 863 606 909 fuit,
637 863 766 901 nescio
788 874 837 900 an
861 862 959 901 tueri
984 862 1177 900 difficilius
1199 863 1257 900 sit.
1297 862 1418 912 gentis
1440 862 1657 901 vetustissi-

227 932 311 958 mae
334 919 674 970 nobilissimaeque
698 920 756 957 vel
779 922 879 957 fama
899 932 1033 957 rerum
1053 924 1247 969 gestarum
1262 919 1659 958 wlomnicommen-⁴

226 976 379 1015 datione
419 976 667 1015 humanitatis
699 976 1046 1026 doctrinarumque
1073 975 1257 1014 tuendam
1286 975 1332 1013 ab
1359 976 1517 1014 servitio
1548 976 1655 1027 regio

224 1033 437 1072 libertatem
480 1033 726 1083 suscepistis3

773 1034 847 1071 hoc
885 1032 1144 1083 patrocinium
1186 1039 1360 1082 receptae
1401 1032 1440 1071 in
1472 1033 1590 1071 fidem
1621 1039 1658 1072 et

227 1090 441 1128 clientelam
489 1096 652 1128 vestram
695 1090 899 1128 universae
940 1090 1064 1140 gentis
1096 1095 1332 1139 perpetuum
1362 1102 1430 1128 vos
1460 1097 1654 1140 praestare

228 1251 353 1285 darum,
383 1250 413 1281 3.
444 1250 497 1285 46,
520 1250 558 1289 2,
584 1248 649 1288 vgl.
670 1250 724 1286 45,
746 1250 801 1289 42,
823 1250 851 1279 Τ.
868 1266 908 1270 -

227 1306 246 1326 α
277 1297 364 1326 vobis
389 1313 432 1316 -—
459 1296 592 1328 desider.
604 1319 611 1335 ,
652 1293 703 1325 die
730 1293 905 1325 Zweideu-

227 1340 349 1381 tigkeit
374 1339 459 1371 wird
484 1340 587 1371 ‹lui-cb
613 1339 674 1371 den
693 1339 906 1371 Zusammen-

228 1387 317 1427 hang
341 1385 501 1427 gehoben,
527 1396 552 1416 s.
579 1396 604 1417 e.
624 1388 677 1426 56,
705 1388 742 1427 5,
771 1387 824 1425 34,
851 1387 906 1425 24,

229 1433 248 1464 2
275 1443 305 1463 u.
331 1441 360 1463 a.
386 1450 430 1454 —
453 1434 518 1463 alta
539 1450 576 1453 —
596 1443 714 1463 almo).
767 1431 810 1464 οὐ
834 1426 898 1485 γά
887 1444 905 1462 0

230 1478 329 1510 ἔστιν
365 1475 453 1514 ὑμῖν
482 1479 544 1509 καὶ
578 1480 654 1514 τοῖς
686 1472 812 1514 imm
842 1475 906 1509 ἄν·

229 1519 399 1567 θυωποις
435 1519 571 1555 Tauroi
608 1524 711 1560 τελυς
743 1524 815 1556 τῶι
849 1523 905 1555 ἔη-

229 1566 594 1613 γ’ω1,ιὶλλέ’τει)οι.
693 1571 762 1600 illi
766 1580 795 1601 n
823 1580 905 1600 caus.

229 1627 348 1647 ανκφηοφ
384 1617 505 1646 habent
532 1633 574 1637 —
608 1626 664 1647 nec
689 1633 732 1636 —
756 1616 906 1655 haberet„

231 1659 496 1706 Ροι)1).;ὑαᾶς
522 1660 562 1693 δὲ
590 1656 740 1693 nfirma
766 1656 907 1693 Τούτων

230 1694 508 1752 (ἒπὸοσδειῑτους
553 1708 589 1739 οἱ
628 1709 712 1739 θεοὶ
747 1703 906 1748 nestori}-

229 1764 314 1786 κασι
329 1757 411 1784 etc:
437 1752 490 1783 ihi
509 1752 589 1783 habt
609 1752 668 1784 den
690 1750 796 1793 Hricg
815 1752 906 1784 nieht

230 1799 399 1839 begonnen
414 1809 464 1829 um
480 1809 518 1830 zu
538 1797 689 1833 θι··01)ει[ι
716 1796 736 1839 ξ
757 1776 808 1836 13,
835 1798 905 1829 also

230 1844 332 1875 k'onut
367 1844 420 1875 ihr
444 1844 528 1875 auch
549 1843 636 1883 jetzt
661 1844 720 1875 das
745 1843 906 1875 Eroberte

230 1890 323 1920 nicht
358 1900 398 1921 zu
441 1889 598 1921 behalten
630 1890 827 1931 wiiuschen3
865 1889 906 1920 da

227 1937 381 1968 haberetis
415 1939 532 1976 gesagt
566 1934 628 1971 ist,
664 1945 700 1966 50
726 1935 790 1966 5011
815 1935 903 1966 nicht

230 1981 302 2013 eine
337 1981 445 2012 blosse
479 1980 772 2021 Zeitbestiminung
805 1991 906 2021 gege-

230 2027 292 2058 ben
318 2027 462 2066 werden,
490 2027 542 2058 die
569 2026 730 2058 vielmehr
754 2029 907 2058 habuistis

230 2076 397 2105 erwarten
422 2072 532 2113 liesse,
565 2083 590 2104 5.
616 2074 671 2109 23,
699 2075 752 2112 30,
779 2075 810 2111 4,
841 2073 906 2113 vgl.

231 2120 285 2159 26,
317 2119 366 2159 19,
387 2120 417 2157 5,
443 2119 596 2153 sondem,
622 2119 694 2150 dem
716 2117 792 2159 folg.
810 2130 903 2150 nunc.

230 2167 442 2196 oumwsz't
467 2164 719 2206 entsprechend,
747 2164 799 2195 ein
826 2174 905 2195 cau-

230 2210 319 2242 sales
348 2210 397 2241 od.
423 2210 538 2242 finales
565 2209 794 2242 Verhiiltuiss:
828 2209 907 2241 weil

230 2256 284 2287 ihr
324 2256 416 2287 nicht
447 2256 573 2297 hattet,
613 2256 664 2288 od.
700 2266 753 2287 um
784 2266 824 2286 zu
852 2255 907 2287 be-

231 2301 346 2334 sitzen.
366 2319 409 2324 -—
434 2313 546 2334 nomen
574 2302 638 2333 wie
662 2313 774 2333 nomen
791 2304 906 2333 Roma-

229 2359 308 2379 num
331 2359 361 2380 u.
380 2348 422 2380 a.
452 2347 600 2389 weuiger
622 2347 761 2389 passeud
779 2347 908 2379 scheint

232 2393 305 2424 hier
330 2405 455 2425 numen.
477 2412 515 2416 -—
543 2396 633 2425 iuxta
657 2405 704 2433 ac,
732 2391 798 2424 fast
822 2393 906 2425 eben

231 2449 267 2470 so
295 2439 377 2478 wie,
404 2439 454 2471 als
481 2439 519 2470 ob
545 2439 598 2470 ihr
623 2440 740 2479 wiiret.
765 2450 789 2470 5.
817 2441 848 2480 5,
874 2441 905 2479 5,

236 2486 294 2523 12,
320 2486 375 2525 21,
401 2486 455 2523 33,
484 2487 524 2527 4,
552 2489 580 2526 1,
607 2487 660 2525 51,
688 2488 719 2523 9,
742 2495 814 2516 zum
839 2484 905 2516 Ge-

232 2530 361 2562 dauken
385 2532 447 2572 36,
476 2533 533 2572 17,
569 2533 628 2572 153
672 2530 849 2562 Mommsen
873 2532 904 2569 2,

232 2578 285 2617 65,
320 2577 386 2617 vgl.
413 2575 481 2608 Pol.
510 2587 536 2608 e,
564 2577 618 2617 23,
645 2578 682 2609 9:
709 2573 750 2609 τὸ
777 2576 817 2609 δὲ
843 2588 906 2608 κα-

167 1147 208 1180 18
229 1146 348 1185 decet.
365 1159 456 1190 non,
479 1158 576 1196 quae
598 1147 638 1184 in
660 1147 741 1185 solo
769 1146 911 1195 [modo]
926 1147 1200 1212 antiqnosunt‚
1226 1146 1391 1184 Graecae
1405 1146 1524 1197 man-is
1539 1146 1655 1185 urbes

978 1245 1044 1281 iot
1072 1250 1130 1280 καὶ
1161 1244 1254 1293 πρὸς
1281 1247 1437 1280 &sammon
1469 1245 1657 1300 -ᾰιῆκοι

978 1294 1076 1327 θεώ]
1112 1296 1173 1325 καὶ
1212 1294 1284 1326 τῶι
1322 1293 1376 1337 ἔγ]
1382 1303 1473 1326 'tora
1512 1290 1657 1331 τούτοις

978 1335 1203 1384 sraerstxdro‘n
1252 1322 1402 1383 αἰδοωτ
1450 1341 1558 1373 ἔστιν.
1621 1358 1646 1362 η

969 1385 1290 1426 ])ανά]σ-ιὶκ”]”βο.
1318 1395 1341 1416 5.
1370 1395 1395 1416 c·
1422 1386 1464 1419 35
1504 1387 1534 1419 6.

1026 1432 1168 1464 17—22.
1198 1431 1251 1462 1111
1275 1430 1345 1462 seid
1371 1440 1405 1462 es
1423 1431 1655 1464 allenGrie-

977 1477 1058 1508 chen
1084 1476 1246 1517 schuldig,
1272 1475 1326 1508 fiir
1350 1476 1421 1508 ihre
1439 1476 1589 1510 Freiheit
1615 1489 1657 1510 zu

975 1532 1106 1563 sorgen,
1156 1522 1224 1554 Den
1262 1532 1388 1563 ganzen
1424 1522 1601 1555 Absehnitt
1634 1522 1656 1565 ξ

981 1570 1123 1601 17-25.
1151 1568 1209 1600 der
1234 1569 1326 1600 melu·
1350 1568 1422 1600 eine
1447 1569 1656 1602 rhetorischc

976 1614 1271 1655 Ausschmiickung
1297 1614 1439 1653 enthiilt,
1467 1615 1526 1646 hat
1552 1615 1588 1647 L.
1615 1626 1656 1647 zu

976 1660 1035 1691 der
1056 1660 1126 1692 rein
1154 1660 1363 1703 politis-cheu,
1382 1659 1555 1692 ciufachen
1566 1660 1656 1693 Rede

977 1706 1033 1737 des
1068 1705 1184 1748 Ρο1)ἱ)
1217 1704 1443 1747 hiuzugefiigt.
1480 1725 1493 1728 -
1545 1714 1656 1740 νείκεε.

976 1763 1002 1783 s,
1029 1754 1059 1788 2,
1088 1754 1141 1789 45,
1168 1754 1198 1785 4.
1213 1770 1256 1773 -
1275 1756 1362 1783 omni
1377 1754 1554 1793 commend„
1578 1752 1656 1793 Jede

976 1796 1205 1839 Empfeblung.
1234 1797 1387 1829 w1e¹chei
1379 1808 1409 1828 ’τι
1430 1798 1545 1839 irgeud
1564 1798 1657 1831 einer

978 1843 1164 1883 Beziehung
1182 1863 1222 1866 —
1238 1844 1341 1883 geben
1370 1843 1468 1879 kann,
1493 1844 1529 1875 in
1553 1844 1657 1877 ihrem

976 1899 1101 1929 gauzen
1127 1888 1296 1930 Uiuiange.
1336 1888 1436 1921 Sonst
1460 1889 1602 1922 urtheilt
1619 1890 1656 1922 L.

977 1934 1125 1976 weniger
1153 1935 1287 1976 giinstig
1311 1935 1391 1967 iiber
1411 1935 1463 1967 die
1482 1934 1656 1975 Griechen,

975 1991 1000 2012 s.
1028 1982 1058 2017 S,
1087 1982 1141 2020 22,
1170 1982 1208 2022 8;
1243 1983 1296 2019 36,
1327 1983 1377 2021 17,
1408 1983 1446 2020 5;
1472 1984 1527 2021 42,
1554 1983 1609 2022 47,
1637 1984 1656 2015 ‘a'

975 2037 1006 2058 u.
1041 2036 1068 2058 a.
1096 2044 1140 2048 ——
1170 2030 1330 2067 patrocin.
1356 2045 1400 2049 —
1423 2030 1546 2067 olima,
1588 2038 1655 2059 von

977 2072 1049 2104 dem
1091 2071 1234 2104 Schutze
1277 2072 1456 2104 Einzelner
1498 2072 1558 2105 auf
1597 2074 1656 2105 das

976 2128 1080 2159 ganze
1120 2118 1207 2150 Yolk
1248 2118 1508 2160 iibergetragen,
1545 2130 1571 2153 S.
1599 2121 1654 2159 26,

977 2165 1037 2200 32,
1077 2165 1107 2196 S.
1157 2164 1222 2196 Der
1250 2163 1448 2196 Nachdruck
1483 2164 1568 2206 liegt
1598 2164 1660 2197 auf

977 2212 1161 2243 mn'verscte.
1198 2221 1234 2241 so
1266 2210 1341 2242 dass
1375 2210 1418 2241 im
1442 2209 1536 2252 Folg.
1569 2212 1655 2243 auch

977 2266 1038 2286 von
1083 2256 1144 2287 den
1178 2256 1357 2288 Colonieen
1391 2255 1444 2288 die
1469 2256 1558 2288 Rede
1582 2257 1656 2289 sein

976 2301 1075 2334 kann.
1103 2320 1146 2323 —-
1170 2305 1260 2334 modo
1298 2302 1420 2334 ko'unte
1445 2313 1507 2334 nur
1531 2302 1654 2334 bedeu-

976 2351 1049 2378 ten:
1087 2347 1196 2379 nichts
1229 2347 1348 2380 weiter
1381 2347 1448 2389 als,
1474 2358 1499 2380 s.
1525 2347 1604 2382 Sall.
1631 2347 1654 2380 I.

978 2395 1030 2433 78,
1045 2394 1084 2433 4,
1099 2393 1141 2424 ib.
1159 2395 1211 2427 76.
1228 2396 1266 2435 ὃς
1293 2393 1328 2426 L.
1346 2395 1377 2435 9,
1394 2395 1425 2431 8,
1451 2395 1490 2427 13
1508 2395 1656 2426 laudibus

975 2441 1088 2477 modo;
1128 2440 1211 2471 doch
1247 2439 1292 2471 ist
1317 2450 1351 2472 es
1376 2439 1656 2472 wahrseheinlich

977 2495 1017 2515 zu
1042 2484 1159 2526 tilgeu,
1189 2486 1239 2516 od.
1265 2485 1308 2516 im
1336 2484 1428 2527 Folg.
1455 2488 1547 2517 eciam
1570 2489 1658 2517 statt

977 2541 1074 2570 quam
1107 2541 1148 2562 zu
1180 2531 1282 2563 lesen.
1310 2549 1345 2553 —
1384 2538 1461 2564 sunt
1493 2549 1536 2553 -—
1568 2537 1655 2569 sunt,

978 2586 1004 2607 c.
1049 2578 1110 2615 42,
1157 2578 1186 2609 2.
1215 2594 1255 2599 —-
1288 2579 1380 2609 urbe-s
1410 2577 1455 2608 ist
1487 2577 1658 2609 entweder
