<?xml version="1.0" encoding="UTF-8"?>
<!DOCTYPE html PUBLIC "-//W3C//DTD XHTML 1.0 Transitional//EN"
    "http://www.w3.org/TR/xhtml1/DTD/xhtml1-transitional.dtd">
<html xmlns="http://www.w3.org/1999/xhtml" xml:lang="en" lang="en">
 <head>
  <title>
</title>
<meta http-equiv="Content-Type" content="text/html;charset=utf-8" />
  <meta name='ocr-system' content='tesseract 3.04.00' />
  <meta name='ocr-capabilities' content='ocr_page ocr_carea ocr_par ocr_line ocrx_word'/>
</head>
<body>
  <div class='ocr_page' id='page_1' title='image "./aburbeconditalib08livyuoft_0045.png"; bbox 0 0 1747 2841; ppageno 0'>
   <div class='ocr_carea' id='block_1_1' title="bbox 119 133 298 162">
    <p class='ocr_par' dir='ltr' id='par_1_1' title="bbox 119 133 298 162">
     <span class='ocr_line' id='line_1_1' title="bbox 119 133 298 162; baseline 0.011 -2"><span class='ocrx_word' id='word_1_1' title='bbox 119 141 146 162; x_wconf 72' lang='grc' dir='ltr'>ι.</span> <span class='ocrx_word' id='word_1_2' title='bbox 167 133 216 162; x_wconf 82' lang='lat' dir='ltr'>Ch.</span> <span class='ocrx_word' id='word_1_3' title='bbox 238 133 298 162; x_wconf 82' lang='lat'>192.</span> 
     </span>
    </p>
   </div>
   <div class='ocr_carea' id='block_1_2' title="bbox 121 237 1006 289">
    <p class='ocr_par' dir='ltr' id='par_1_2' title="bbox 121 237 1006 289">
     <span class='ocr_line' id='line_1_2' title="bbox 121 237 1006 289; baseline -0.002 -11"><span class='ocrx_word' id='word_1_4' title='bbox 121 238 238 278; x_wconf 84' lang='lat' dir='ltr'>sessis</span> <span class='ocrx_word' id='word_1_5' title='bbox 261 237 510 288; x_wconf 87' lang='lat' dir='ltr'>praesidium,</span> <span class='ocrx_word' id='word_1_6' title='bbox 531 249 645 289; x_wconf 84' lang='lat' dir='ltr'>agros</span> <span class='ocrx_word' id='word_1_7' title='bbox 668 250 807 277; x_wconf 88' lang='lat' dir='ltr'>eorum</span> <span class='ocrx_word' id='word_1_8' title='bbox 828 237 1006 277; x_wconf 77' lang='lat' dir='ltr'>vastabat.</span> 
     </span>
    </p>
   </div>
   <div class='ocr_carea' id='block_1_3' title="bbox 572 134 1547 177">
    <p class='ocr_par' dir='ltr' id='par_1_3' title="bbox 572 134 1547 177">
     <span class='ocr_line' id='line_1_3' title="bbox 572 134 1547 177; baseline 0 -10"><span class='ocrx_word' id='word_1_9' title='bbox 572 134 698 168; x_wconf 84' lang='lat' dir='ltr'><strong>LIBER</strong></span> <span class='ocrx_word' id='word_1_10' title='bbox 722 135 871 169; x_wconf 91' lang='lat' dir='ltr'>xxxv.</span> <span class='ocrx_word' id='word_1_11' title='bbox 905 134 998 168; x_wconf 73' lang='lat' dir='ltr'>CAP.</span> <span class='ocrx_word' id='word_1_12' title='bbox 1032 137 1085 169; x_wconf 86' lang='lat'>25.</span> <span class='ocrx_word' id='word_1_13' title='bbox 1491 135 1547 177; x_wconf 89' lang='lat'>39</span> 
     </span>
    </p>
   </div>
   <div class='ocr_carea' id='block_1_4' title="bbox 1061 238 1585 277">
    <p class='ocr_par' dir='ltr' id='par_1_4' title="bbox 1061 238 1585 277">
     <span class='ocr_line' id='line_1_4' title="bbox 1061 238 1585 277; baseline 0 -1"><span class='ocrx_word' id='word_1_14' title='bbox 1061 238 1203 276; x_wconf 82' lang='lat' dir='ltr'>Achaei</span> <span class='ocrx_word' id='word_1_15' title='bbox 1230 250 1310 276; x_wconf 87' lang='lat' dir='ltr'>non</span> <span class='ocrx_word' id='word_1_16' title='bbox 1332 244 1442 276; x_wconf 90' lang='lat' dir='ltr'>antea</span> <span class='ocrx_word' id='word_1_17' title='bbox 1463 238 1543 277; x_wconf 87' lang='lat' dir='ltr'>ausi</span> <span class='ocrx_word' id='word_1_18' title='bbox 1564 238 1585 269; x_wconf 84' lang='lat'>3</span> 
     </span>
    </p>
   </div>
   <div class='ocr_carea' id='block_1_5' title="bbox 118 294 1594 737">
    <p class='ocr_par' dir='ltr' id='par_1_5' title="bbox 118 294 1594 737">
     <span class='ocr_line' id='line_1_5' title="bbox 123 294 1584 345; baseline -0.001 -12"><span class='ocrx_word' id='word_1_19' title='bbox 123 305 324 345; x_wconf 76' lang='lat' dir='ltr'>capessere</span> <span class='ocrx_word' id='word_1_20' title='bbox 347 294 504 339; x_wconf 88' lang='lat' dir='ltr'>bellum,</span> <span class='ocrx_word' id='word_1_21' title='bbox 528 306 645 345; x_wconf 88' lang='lat' dir='ltr'>quam</span> <span class='ocrx_word' id='word_1_22' title='bbox 669 294 715 333; x_wconf 86' lang='lat' dir='ltr'>ab</span> <span class='ocrx_word' id='word_1_23' title='bbox 731 295 855 334; x_wconf 80' lang='lat' dir='ltr'>Roma</span> <span class='ocrx_word' id='word_1_24' title='bbox 877 294 1126 332; x_wconf 85' lang='lat' dir='ltr'>revertissent</span> <span class='ocrx_word' id='word_1_25' title='bbox 1146 294 1269 344; x_wconf 84' lang='lat' dir='ltr'>legati,</span> <span class='ocrx_word' id='word_1_26' title='bbox 1294 299 1346 340; x_wconf 91' lang='lat' dir='ltr'>ut,</span> <span class='ocrx_word' id='word_1_27' title='bbox 1369 294 1461 344; x_wconf 89' lang='lat' dir='ltr'>quid</span> <span class='ocrx_word' id='word_1_28' title='bbox 1479 307 1542 332; x_wconf 86' lang='lat' dir='ltr'>sc-</span> <span class='ocrx_word' id='word_1_29' title='bbox 1564 297 1584 327; x_wconf 78' lang='grc'>-1</span> 
     </span>
     <span class='ocr_line' id='line_1_6' title="bbox 119 350 1542 401; baseline -0.001 -12"><span class='ocrx_word' id='word_1_30' title='bbox 119 350 227 389; x_wconf 86' lang='lat' dir='ltr'>natui</span> <span class='ocrx_word' id='word_1_31' title='bbox 246 350 426 400; x_wconf 78' lang='lat' dir='ltr'>placeret,</span> <span class='ocrx_word' id='word_1_32' title='bbox 446 350 599 397; x_wconf 81' lang='lat' dir='ltr'>scirent,</span> <span class='ocrx_word' id='word_1_33' title='bbox 623 357 711 400; x_wconf 84' lang='lat' dir='ltr'>post</span> <span class='ocrx_word' id='word_1_34' title='bbox 732 351 900 389; x_wconf 83' lang='lat' dir='ltr'>reditum</span> <span class='ocrx_word' id='word_1_35' title='bbox 923 350 1138 400; x_wconf 85' lang='lat' dir='ltr'>legatorum</span> <span class='ocrx_word' id='word_1_36' title='bbox 1162 356 1199 388; x_wconf 88' lang='lat' dir='ltr'>et</span> <span class='ocrx_word' id='word_1_37' title='bbox 1214 351 1422 401; x_wconf 80' lang='lat' dir='ltr'>Sicyonem</span> <span class='ocrx_word' id='word_1_38' title='bbox 1445 362 1542 388; x_wconf 92' lang='lat' dir='ltr'>con-</span> 
     </span>
     <span class='ocr_line' id='line_1_7' title="bbox 121 406 1542 457; baseline -0.001 -13"><span class='ocrx_word' id='word_1_39' title='bbox 121 406 252 444; x_wconf 85' lang='lat' dir='ltr'>cilium</span> <span class='ocrx_word' id='word_1_40' title='bbox 271 406 477 445; x_wconf 85' lang='lat' dir='ltr'>edixerunt</span> <span class='ocrx_word' id='word_1_41' title='bbox 502 413 538 445; x_wconf 89' lang='lat' dir='ltr'>et</span> <span class='ocrx_word' id='word_1_42' title='bbox 554 407 697 457; x_wconf 82' lang='lat' dir='ltr'>legatos</span> <span class='ocrx_word' id='word_1_43' title='bbox 724 407 769 445; x_wconf 84' lang='lat' dir='ltr'>ad</span> <span class='ocrx_word' id='word_1_44' title='bbox 795 407 838 444; x_wconf 88' lang='lat' dir='ltr'>T.</span> <span class='ocrx_word' id='word_1_45' title='bbox 862 406 1085 453; x_wconf 82' lang='lat' dir='ltr'>Quinctium</span> <span class='ocrx_word' id='word_1_46' title='bbox 1118 407 1320 452; x_wconf 85' lang='lat' dir='ltr'>miserunt,</span> <span class='ocrx_word' id='word_1_47' title='bbox 1349 406 1417 456; x_wconf 91' lang='lat' dir='ltr'>qui</span> <span class='ocrx_word' id='word_1_48' title='bbox 1446 418 1542 444; x_wconf 90' lang='lat' dir='ltr'>con—</span> 
     </span>
     <span class='ocr_line' id='line_1_8' title="bbox 119 462 1583 512; baseline -0.003 -11"><span class='ocrx_word' id='word_1_49' title='bbox 119 462 249 501; x_wconf 89' lang='lat' dir='ltr'>silium</span> <span class='ocrx_word' id='word_1_50' title='bbox 280 462 326 500; x_wconf 88' lang='lat' dir='ltr'>ab</span> <span class='ocrx_word' id='word_1_51' title='bbox 357 474 403 500; x_wconf 91' lang='lat' dir='ltr'>eo</span> <span class='ocrx_word' id='word_1_52' title='bbox 428 469 614 512; x_wconf 86' lang='lat' dir='ltr'>peterent.</span> <span class='ocrx_word' id='word_1_53' title='bbox 642 463 682 501; x_wconf 92' lang='lat' dir='ltr'>in</span> <span class='ocrx_word' id='word_1_54' title='bbox 710 463 871 501; x_wconf 85' lang='lat' dir='ltr'>concilio</span> <span class='ocrx_word' id='word_1_55' title='bbox 900 463 1077 500; x_wconf 89' lang='lat' dir='ltr'>omnium</span> <span class='ocrx_word' id='word_1_56' title='bbox 1099 463 1145 500; x_wconf 83' lang='lat' dir='ltr'>ad</span> <span class='ocrx_word' id='word_1_57' title='bbox 1175 462 1318 501; x_wconf 86' lang='lat' dir='ltr'>bellum</span> <span class='ocrx_word' id='word_1_58' title='bbox 1349 462 1542 512; x_wconf 87' lang='lat' dir='ltr'>extemplo</span> <span class='ocrx_word' id='word_1_59' title='bbox 1564 468 1583 497; x_wconf 83' lang='lat'>5</span> 
     </span>
     <span class='ocr_line' id='line_1_9' title="bbox 120 518 1542 569; baseline 0 -13"><span class='ocrx_word' id='word_1_60' title='bbox 120 519 403 569; x_wconf 86' lang='lat' dir='ltr'>capessendum</span> <span class='ocrx_word' id='word_1_61' title='bbox 423 519 625 557; x_wconf 76' lang='lat' dir='ltr'>inclinatae</span> <span class='ocrx_word' id='word_1_62' title='bbox 649 519 858 558; x_wconf 83' lang='lat' dir='ltr'>sententiae</span> <span class='ocrx_word' id='word_1_63' title='bbox 882 525 1011 564; x_wconf 77' lang='lat' dir='ltr'>erant3</span> <span class='ocrx_word' id='word_1_64' title='bbox 1031 519 1174 558; x_wconf 78' lang='lat' dir='ltr'>litterae</span> <span class='ocrx_word' id='word_1_65' title='bbox 1197 519 1240 557; x_wconf 90' lang='lat' dir='ltr'>T.</span> <span class='ocrx_word' id='word_1_66' title='bbox 1263 518 1420 565; x_wconf 81' lang='lat' dir='ltr'>Quincti</span> <span class='ocrx_word' id='word_1_67' title='bbox 1443 530 1542 556; x_wconf 92' lang='lat' dir='ltr'>cun-</span> 
     </span>
     <span class='ocr_line' id='line_1_10' title="bbox 118 574 1594 625; baseline 0 -13"><span class='ocrx_word' id='word_1_68' title='bbox 118 574 324 613; x_wconf 86' lang='lat' dir='ltr'>ctationem</span> <span class='ocrx_word' id='word_1_69' title='bbox 353 575 581 621; x_wconf 85' lang='lat' dir='ltr'>iniecerunt,</span> <span class='ocrx_word' id='word_1_70' title='bbox 612 575 754 625; x_wconf 83' lang='lat' dir='ltr'>quibus</span> <span class='ocrx_word' id='word_1_71' title='bbox 779 580 914 613; x_wconf 89' lang='lat' dir='ltr'>auctor</span> <span class='ocrx_word' id='word_1_72' title='bbox 945 581 1025 613; x_wconf 89' lang='lat' dir='ltr'>erat</span> <span class='ocrx_word' id='word_1_73' title='bbox 1053 581 1272 625; x_wconf 79' lang='lat' dir='ltr'>praetorem</span> <span class='ocrx_word' id='word_1_74' title='bbox 1303 575 1544 624; x_wconf 87' lang='lat' dir='ltr'>classemque</span> <span class='ocrx_word' id='word_1_75' title='bbox 1591 616 1594 620; x_wconf 28' lang='lat'><strong>⁴</strong></span> 
     </span>
     <span class='ocr_line' id='line_1_11' title="bbox 119 630 1585 681; baseline -0.001 -13"><span class='ocrx_word' id='word_1_76' title='bbox 119 630 336 669; x_wconf 83' lang='lat' dir='ltr'>Romanam</span> <span class='ocrx_word' id='word_1_77' title='bbox 363 631 601 681; x_wconf 81' lang='lat' dir='ltr'>expectandi.</span> <span class='ocrx_word' id='word_1_78' title='bbox 641 643 730 669; x_wconf 88' lang='lat' dir='ltr'>cum</span> <span class='ocrx_word' id='word_1_79' title='bbox 759 631 980 681; x_wconf 84' lang='lat' dir='ltr'>principum</span> <span class='ocrx_word' id='word_1_80' title='bbox 1010 631 1069 669; x_wconf 90' lang='lat' dir='ltr'>alii</span> <span class='ocrx_word' id='word_1_81' title='bbox 1101 632 1140 669; x_wconf 89' lang='lat' dir='ltr'>in</span> <span class='ocrx_word' id='word_1_82' title='bbox 1173 631 1360 669; x_wconf 87' lang='lat' dir='ltr'>sententia</span> <span class='ocrx_word' id='word_1_83' title='bbox 1386 643 1541 680; x_wconf 89' lang='lat' dir='ltr'>perma-</span> <span class='ocrx_word' id='word_1_84' title='bbox 1562 637 1585 667; x_wconf 77' lang='grc'><strong>6</strong></span> 
     </span>
     <span class='ocr_line' id='line_1_12' title="bbox 119 687 1541 737; baseline -0.001 -12"><span class='ocrx_word' id='word_1_85' title='bbox 119 692 271 733; x_wconf 87' lang='lat' dir='ltr'>nerent,</span> <span class='ocrx_word' id='word_1_86' title='bbox 294 687 354 725; x_wconf 85' lang='lat' dir='ltr'>alii</span> <span class='ocrx_word' id='word_1_87' title='bbox 377 688 566 725; x_wconf 86' lang='lat' dir='ltr'>utendum</span> <span class='ocrx_word' id='word_1_88' title='bbox 591 687 686 733; x_wconf 86' lang='lat' dir='ltr'>eius,</span> <span class='ocrx_word' id='word_1_89' title='bbox 710 699 828 737; x_wconf 86' lang='lat' dir='ltr'>quem</span> <span class='ocrx_word' id='word_1_90' title='bbox 852 687 923 736; x_wconf 86' lang='lat' dir='ltr'>ipsi</span> <span class='ocrx_word' id='word_1_91' title='bbox 939 688 1238 733; x_wconf 80' lang='lat' dir='ltr'>consuluissent,</span> <span class='ocrx_word' id='word_1_92' title='bbox 1263 687 1424 725; x_wconf 83' lang='lat' dir='ltr'>consilio</span> <span class='ocrx_word' id='word_1_93' title='bbox 1448 699 1541 724; x_wconf 88' lang='lat' dir='ltr'>cen-</span> 
     </span>
    </p>
   </div>
   <div class='ocr_carea' id='block_1_6' title="bbox 113 743 1584 1244">
    <p class='ocr_par' dir='ltr' id='par_1_6' title="bbox 113 743 1584 1244">
     <span class='ocr_line' id='line_1_13' title="bbox 118 743 1582 794; baseline -0.001 -12"><span class='ocrx_word' id='word_1_94' title='bbox 118 749 260 789; x_wconf 86' lang='lat' dir='ltr'>serent,</span> <span class='ocrx_word' id='word_1_95' title='bbox 287 743 493 782; x_wconf 82' lang='lat' dir='ltr'>multitudo</span> <span class='ocrx_word' id='word_1_96' title='bbox 514 743 830 793; x_wconf 84' lang='lat' dir='ltr'>Philopoemenis</span> <span class='ocrx_word' id='word_1_97' title='bbox 862 744 1091 782; x_wconf 87' lang='lat' dir='ltr'>sententiam</span> <span class='ocrx_word' id='word_1_98' title='bbox 1121 743 1355 794; x_wconf 82' lang='lat' dir='ltr'>expectabat.</span> <span class='ocrx_word' id='word_1_99' title='bbox 1387 749 1543 793; x_wconf 87' lang='lat' dir='ltr'>praetor</span> <span class='ocrx_word' id='word_1_100' title='bbox 1562 746 1582 775; x_wconf 76' lang='grc' dir='ltr'><em>Ἰ</em></span> 
     </span>
     <span class='ocr_line' id='line_1_14' title="bbox 115 798 1542 850; baseline -0.001 -13"><span class='ocrx_word' id='word_1_101' title='bbox 115 798 149 838; x_wconf 92' lang='lat' dir='ltr'>is</span> <span class='ocrx_word' id='word_1_102' title='bbox 178 804 262 837; x_wconf 89' lang='lat' dir='ltr'>tum</span> <span class='ocrx_word' id='word_1_103' title='bbox 290 805 371 838; x_wconf 87' lang='lat' dir='ltr'>erat</span> <span class='ocrx_word' id='word_1_104' title='bbox 400 806 436 838; x_wconf 88' lang='lat' dir='ltr'>et</span> <span class='ocrx_word' id='word_1_105' title='bbox 465 800 593 838; x_wconf 86' lang='lat' dir='ltr'>omnis</span> <span class='ocrx_word' id='word_1_106' title='bbox 616 811 661 837; x_wconf 88' lang='lat' dir='ltr'>eo</span> <span class='ocrx_word' id='word_1_107' title='bbox 686 806 860 850; x_wconf 88' lang='lat' dir='ltr'>tempore</span> <span class='ocrx_word' id='word_1_108' title='bbox 884 805 920 837; x_wconf 87' lang='lat' dir='ltr'>ct</span> <span class='ocrx_word' id='word_1_109' title='bbox 942 800 1145 849; x_wconf 85' lang='lat' dir='ltr'>prudentia</span> <span class='ocrx_word' id='word_1_110' title='bbox 1169 806 1205 838; x_wconf 92' lang='lat' dir='ltr'>et</span> <span class='ocrx_word' id='word_1_111' title='bbox 1227 799 1451 838; x_wconf 85' lang='lat' dir='ltr'>auctoritate</span> <span class='ocrx_word' id='word_1_112' title='bbox 1471 811 1542 837; x_wconf 83' lang='lat' dir='ltr'>an—</span> 
     </span>
     <span class='ocr_line' id='line_1_15' title="bbox 116 854 1544 906; baseline 0 -13"><span class='ocrx_word' id='word_1_113' title='bbox 116 854 245 894; x_wconf 89' lang='lat' dir='ltr'>teibat.</span> <span class='ocrx_word' id='word_1_114' title='bbox 286 855 317 893; x_wconf 85' lang='lat' dir='ltr'>is</span> <span class='ocrx_word' id='word_1_115' title='bbox 353 857 548 906; x_wconf 83' lang='lat' dir='ltr'>praefatus</span> <span class='ocrx_word' id='word_1_116' title='bbox 589 855 688 894; x_wconf 86' lang='lat' dir='ltr'>bene</span> <span class='ocrx_word' id='word_1_117' title='bbox 729 861 996 906; x_wconf 87' lang='lat' dir='ltr'>comparatum</span> <span class='ocrx_word' id='word_1_118' title='bbox 1032 856 1136 906; x_wconf 85' lang='lat' dir='ltr'>apud</span> <span class='ocrx_word' id='word_1_119' title='bbox 1174 856 1330 894; x_wconf 86' lang='lat' dir='ltr'>Aetolos</span> <span class='ocrx_word' id='word_1_120' title='bbox 1361 867 1465 901; x_wconf 88' lang='lat' dir='ltr'>esse,</span> <span class='ocrx_word' id='word_1_121' title='bbox 1494 867 1544 893; x_wconf 89' lang='lat' dir='ltr'>ne</span> 
     </span>
     <span class='ocr_line' id='line_1_16' title="bbox 116 912 1542 962; baseline 0 -13"><span class='ocrx_word' id='word_1_122' title='bbox 116 917 284 962; x_wconf 88' lang='lat' dir='ltr'>praetor,</span> <span class='ocrx_word' id='word_1_123' title='bbox 313 923 403 949; x_wconf 90' lang='lat' dir='ltr'>cum</span> <span class='ocrx_word' id='word_1_124' title='bbox 425 912 472 950; x_wconf 85' lang='lat' dir='ltr'>de</span> <span class='ocrx_word' id='word_1_125' title='bbox 495 912 594 950; x_wconf 89' lang='lat' dir='ltr'>bello</span> <span class='ocrx_word' id='word_1_126' title='bbox 616 912 888 958; x_wconf 85' lang='lat' dir='ltr'>consuluisset,</span> <span class='ocrx_word' id='word_1_127' title='bbox 912 912 994 962; x_wconf 86' lang='lat' dir='ltr'>ipse</span> <span class='ocrx_word' id='word_1_128' title='bbox 1018 912 1249 951; x_wconf 84' lang='lat' dir='ltr'>sententiam</span> <span class='ocrx_word' id='word_1_129' title='bbox 1277 912 1432 957; x_wconf 88' lang='lat' dir='ltr'>diceret,</span> <span class='ocrx_word' id='word_1_130' title='bbox 1464 917 1542 949; x_wconf 89' lang='lat' dir='ltr'>sta-</span> 
     </span>
     <span class='ocr_line' id='line_1_17' title="bbox 115 967 1584 1019; baseline 0.003 -14"><span class='ocrx_word' id='word_1_131' title='bbox 115 973 226 1006; x_wconf 85' lang='lat' dir='ltr'>tuere</span> <span class='ocrx_word' id='word_1_132' title='bbox 249 968 556 1018; x_wconf 84' lang='lat' dir='ltr'>quamprimum</span> <span class='ocrx_word' id='word_1_133' title='bbox 572 968 692 1018; x_wconf 89' lang='lat' dir='ltr'>ipsos,</span> <span class='ocrx_word' id='word_1_134' title='bbox 714 968 807 1018; x_wconf 88' lang='lat' dir='ltr'>quid</span> <span class='ocrx_word' id='word_1_135' title='bbox 828 968 979 1014; x_wconf 77' lang='lat' dir='ltr'>vellent,</span> <span class='ocrx_word' id='word_1_136' title='bbox 1002 968 1133 1007; x_wconf 79' lang='lat' dir='ltr'>iussit:</span> <span class='ocrx_word' id='word_1_137' title='bbox 1154 974 1375 1019; x_wconf 88' lang='lat' dir='ltr'>praetorem</span> <span class='ocrx_word' id='word_1_138' title='bbox 1391 967 1543 1006; x_wconf 85' lang='lat' dir='ltr'>decreta</span> <span class='ocrx_word' id='word_1_139' title='bbox 1562 977 1584 1009; x_wconf 74' lang='lat' dir='ltr'>S&gt;</span> 
     </span>
     <span class='ocr_line' id='line_1_18' title="bbox 116 1024 1541 1075; baseline -0.001 -13"><span class='ocrx_word' id='word_1_140' title='bbox 116 1035 257 1062; x_wconf 89' lang='lat' dir='ltr'>eorum</span> <span class='ocrx_word' id='word_1_141' title='bbox 288 1025 377 1062; x_wconf 79' lang='lat' dir='ltr'>c&#39;um</span> <span class='ocrx_word' id='word_1_142' title='bbox 403 1024 478 1062; x_wconf 85' lang='lat' dir='ltr'>fide</span> <span class='ocrx_word' id='word_1_143' title='bbox 509 1030 546 1062; x_wconf 86' lang='lat' dir='ltr'>et</span> <span class='ocrx_word' id='word_1_144' title='bbox 569 1036 661 1062; x_wconf 90' lang='lat' dir='ltr'>cura</span> <span class='ocrx_word' id='word_1_145' title='bbox 684 1030 960 1062; x_wconf 79' lang='lat' dir='ltr'>exsecuturum</span> <span class='ocrx_word' id='word_1_146' title='bbox 986 1025 1309 1075; x_wconf 85' lang='lat' dir='ltr'>adnisurumque,</span> <span class='ocrx_word' id='word_1_147' title='bbox 1339 1029 1392 1071; x_wconf 90' lang='lat' dir='ltr'>ut,</span> <span class='ocrx_word' id='word_1_148' title='bbox 1414 1036 1541 1074; x_wconf 89' lang='lat' dir='ltr'>quan-</span> 
     </span>
     <span class='ocr_line' id='line_1_19' title="bbox 116 1079 1544 1131; baseline 0.001 -13"><span class='ocrx_word' id='word_1_149' title='bbox 116 1085 200 1118; x_wconf 86' lang='lat' dir='ltr'>tum</span> <span class='ocrx_word' id='word_1_150' title='bbox 218 1079 259 1117; x_wconf 92' lang='lat' dir='ltr'>in</span> <span class='ocrx_word' id='word_1_151' title='bbox 275 1080 436 1118; x_wconf 88' lang='lat' dir='ltr'>consilio</span> <span class='ocrx_word' id='word_1_152' title='bbox 463 1081 636 1118; x_wconf 85' lang='lat' dir='ltr'>humano</span> <span class='ocrx_word' id='word_1_153' title='bbox 667 1081 839 1130; x_wconf 85' lang='lat' dir='ltr'>positum</span> <span class='ocrx_word' id='word_1_154' title='bbox 871 1087 982 1127; x_wconf 84' lang='lat' dir='ltr'>esset,</span> <span class='ocrx_word' id='word_1_155' title='bbox 1014 1093 1087 1119; x_wconf 92' lang='lat' dir='ltr'>nec</span> <span class='ocrx_word' id='word_1_156' title='bbox 1112 1081 1216 1131; x_wconf 88' lang='lat' dir='ltr'>pacis</span> <span class='ocrx_word' id='word_1_157' title='bbox 1237 1093 1303 1119; x_wconf 89' lang='lat' dir='ltr'>eos</span> <span class='ocrx_word' id='word_1_158' title='bbox 1330 1080 1544 1130; x_wconf 87' lang='lat' dir='ltr'>paeniteret</span> 
     </span>
     <span class='ocr_line' id='line_1_20' title="bbox 115 1135 1581 1187; baseline 0.001 -13"><span class='ocrx_word' id='word_1_159' title='bbox 115 1147 189 1174; x_wconf 90' lang='lat' dir='ltr'>nec</span> <span class='ocrx_word' id='word_1_160' title='bbox 218 1135 319 1174; x_wconf 87' lang='lat' dir='ltr'>belli.</span> <span class='ocrx_word' id='word_1_161' title='bbox 346 1136 434 1187; x_wconf 87' lang='lat' dir='ltr'>plus</span> <span class='ocrx_word' id='word_1_162' title='bbox 465 1149 508 1174; x_wconf 88' lang='lat' dir='ltr'>ea</span> <span class='ocrx_word' id='word_1_163' title='bbox 539 1136 660 1174; x_wconf 86' lang='lat' dir='ltr'>oratio</span> <span class='ocrx_word' id='word_1_164' title='bbox 691 1137 880 1175; x_wconf 88' lang='lat' dir='ltr'>momenti</span> <span class='ocrx_word' id='word_1_165' title='bbox 911 1137 956 1175; x_wconf 85' lang='lat' dir='ltr'>ad</span> <span class='ocrx_word' id='word_1_166' title='bbox 978 1137 1194 1175; x_wconf 81' lang='lat' dir='ltr'>incitandos</span> <span class='ocrx_word' id='word_1_167' title='bbox 1221 1137 1266 1175; x_wconf 88' lang='lat' dir='ltr'>ad</span> <span class='ocrx_word' id='word_1_168' title='bbox 1294 1136 1439 1175; x_wconf 87' lang='lat' dir='ltr'>bellum</span> <span class='ocrx_word' id='word_1_169' title='bbox 1470 1137 1539 1174; x_wconf 90' lang='lat' dir='ltr'>ha·</span> <span class='ocrx_word' id='word_1_170' title='bbox 1560 1145 1581 1176; x_wconf 82' lang='lat'>9</span> 
     </span>
     <span class='ocr_line' id='line_1_21' title="bbox 113 1191 1542 1244; baseline 0 -14"><span class='ocrx_word' id='word_1_171' title='bbox 113 1191 210 1239; x_wconf 87' lang='lat' dir='ltr'>huit,</span> <span class='ocrx_word' id='word_1_172' title='bbox 229 1204 347 1243; x_wconf 88' lang='lat' dir='ltr'>quam</span> <span class='ocrx_word' id='word_1_173' title='bbox 370 1193 401 1230; x_wconf 85' lang='lat' dir='ltr'>si</span> <span class='ocrx_word' id='word_1_174' title='bbox 422 1198 551 1243; x_wconf 86' lang='lat' dir='ltr'>aperte</span> <span class='ocrx_word' id='word_1_175' title='bbox 574 1192 775 1231; x_wconf 84' lang='lat' dir='ltr'>suadendo</span> <span class='ocrx_word' id='word_1_176' title='bbox 798 1193 1047 1244; x_wconf 84' lang='lat' dir='ltr'>cupiditatem</span> <span class='ocrx_word' id='word_1_177' title='bbox 1072 1206 1134 1232; x_wconf 86' lang='lat' dir='ltr'>res</span> <span class='ocrx_word' id='word_1_178' title='bbox 1157 1193 1315 1244; x_wconf 78' lang='lat' dir='ltr'>gerendi</span> <span class='ocrx_word' id='word_1_179' title='bbox 1346 1192 1542 1232; x_wconf 88' lang='lat' dir='ltr'>ostendis-</span> 
     </span>
    </p>
   </div>
   <div class='ocr_carea' id='block_1_7' title="bbox 103 1322 794 2595">
    <p class='ocr_par' dir='ltr' id='par_1_7' title="bbox 103 1322 794 2048">
     <span class='ocr_line' id='line_1_22' title="bbox 114 1322 792 1367; baseline 0.003 -11"><span class='ocrx_word' id='word_1_180' title='bbox 114 1324 166 1357; x_wconf 85' lang='lat' dir='ltr'>die</span> <span class='ocrx_word' id='word_1_181' title='bbox 201 1322 395 1366; x_wconf 80' lang='lat' dir='ltr'>feindselige</span> <span class='ocrx_word' id='word_1_182' title='bbox 422 1324 615 1367; x_wconf 84' lang='lat' dir='ltr'>Gesinnung</span> <span class='ocrx_word' id='word_1_183' title='bbox 640 1326 792 1358; x_wconf 87' lang='lat' dir='ltr'>bezeich-</span> 
     </span>
     <span class='ocr_line' id='line_1_23' title="bbox 115 1370 793 1412; baseline 0.003 -11"><span class='ocrx_word' id='word_1_184' title='bbox 115 1380 176 1402; x_wconf 87' lang='lat' dir='ltr'>nen</span> <span class='ocrx_word' id='word_1_185' title='bbox 202 1370 326 1402; x_wconf 80' lang='lat' dir='ltr'>wiirde.</span> <span class='ocrx_word' id='word_1_186' title='bbox 354 1388 399 1393; x_wconf 97' lang='lat'><strong>—</strong></span> <span class='ocrx_word' id='word_1_187' title='bbox 423 1373 538 1410; x_wconf 61' lang='lat' dir='ltr'>miser„</span> <span class='ocrx_word' id='word_1_188' title='bbox 564 1381 590 1402; x_wconf 85' lang='lat' dir='ltr'>c.</span> <span class='ocrx_word' id='word_1_189' title='bbox 620 1373 672 1412; x_wconf 75' lang='lat'>13,</span> <span class='ocrx_word' id='word_1_190' title='bbox 699 1374 728 1405; x_wconf 93' lang='lat'>3.</span> <span class='ocrx_word' id='word_1_191' title='bbox 748 1389 793 1394; x_wconf 94' lang='lat'>—-</span> 
     </span>
     <span class='ocr_line' id='line_1_24' title="bbox 112 1416 793 1457; baseline -0.001 -9"><span class='ocrx_word' id='word_1_192' title='bbox 112 1422 206 1448; x_wconf 73' lang='lat' dir='ltr'>antea</span> <span class='ocrx_word' id='word_1_193' title='bbox 241 1433 285 1438; x_wconf 84' lang='lat'>-—</span> <span class='ocrx_word' id='word_1_194' title='bbox 315 1427 411 1457; x_wconf 80' lang='lat' dir='ltr'>quam</span> <span class='ocrx_word' id='word_1_195' title='bbox 444 1416 543 1448; x_wconf 82' lang='lat' dir='ltr'>findet</span> <span class='ocrx_word' id='word_1_196' title='bbox 575 1416 646 1448; x_wconf 87' lang='lat' dir='ltr'>sich</span> <span class='ocrx_word' id='word_1_197' title='bbox 687 1417 793 1449; x_wconf 86' lang='lat' dir='ltr'>selten</span> 
     </span>
     <span class='ocr_line' id='line_1_25' title="bbox 111 1461 792 1502; baseline 0.001 -8"><span class='ocrx_word' id='word_1_198' title='bbox 111 1465 197 1494; x_wconf 81' lang='lat' dir='ltr'>statt</span> <span class='ocrx_word' id='word_1_199' title='bbox 220 1468 405 1502; x_wconf 80' lang='lat' dir='ltr'>antequam,</span> <span class='ocrx_word' id='word_1_200' title='bbox 440 1472 464 1493; x_wconf 89' lang='lat' dir='ltr'>s.</span> <span class='ocrx_word' id='word_1_201' title='bbox 491 1462 557 1493; x_wconf 91' lang='lat' dir='ltr'>Cic.</span> <span class='ocrx_word' id='word_1_202' title='bbox 586 1461 676 1494; x_wconf 86' lang='lat' dir='ltr'>Fam.</span> <span class='ocrx_word' id='word_1_203' title='bbox 703 1464 733 1502; x_wconf 83' lang='lat'>3,</span> <span class='ocrx_word' id='word_1_204' title='bbox 760 1465 792 1502; x_wconf 83' lang='lat'>6,</span> 
     </span>
     <span class='ocr_line' id='line_1_26' title="bbox 114 1506 794 1549; baseline -0.001 -9"><span class='ocrx_word' id='word_1_205' title='bbox 114 1508 146 1547; x_wconf 88' lang='grc'>2,</span> <span class='ocrx_word' id='word_1_206' title='bbox 174 1506 241 1548; x_wconf 85' lang='lat' dir='ltr'>vgl.</span> <span class='ocrx_word' id='word_1_207' title='bbox 267 1508 322 1547; x_wconf 90' lang='lat'>26,</span> <span class='ocrx_word' id='word_1_208' title='bbox 351 1508 405 1546; x_wconf 87' lang='grc'>31,</span> <span class='ocrx_word' id='word_1_209' title='bbox 425 1509 461 1539; x_wconf 89' lang='lat'>7:</span> <span class='ocrx_word' id='word_1_210' title='bbox 482 1514 710 1549; x_wconf 69' lang='lat' dir='ltr'>posteaqzca7123</span> <span class='ocrx_word' id='word_1_211' title='bbox 736 1508 794 1540; x_wconf 89' lang='lat' dir='ltr'>der</span> 
     </span>
     <span class='ocr_line' id='line_1_27' title="bbox 112 1551 792 1596; baseline 0.006 -13"><span class='ocrx_word' id='word_1_212' title='bbox 112 1551 324 1593; x_wconf 84' lang='lat' dir='ltr'>Conjunctiv,</span> <span class='ocrx_word' id='word_1_213' title='bbox 357 1561 460 1593; x_wconf 82' lang='lat' dir='ltr'>gegen</span> <span class='ocrx_word' id='word_1_214' title='bbox 486 1554 541 1591; x_wconf 87' lang='lat'>23,</span> <span class='ocrx_word' id='word_1_215' title='bbox 577 1554 630 1589; x_wconf 85' lang='lat'>30.</span> <span class='ocrx_word' id='word_1_216' title='bbox 666 1555 705 1596; x_wconf 82' lang='lat'>4;</span> <span class='ocrx_word' id='word_1_217' title='bbox 739 1554 792 1592; x_wconf 84' lang='lat'>35,</span> 
     </span>
     <span class='ocr_line' id='line_1_28' title="bbox 112 1597 791 1639; baseline 0.001 -8"><span class='ocrx_word' id='word_1_218' title='bbox 112 1599 168 1638; x_wconf 87' lang='lat'>26,</span> <span class='ocrx_word' id='word_1_219' title='bbox 207 1599 238 1638; x_wconf 87' lang='grc'>9,</span> <span class='ocrx_word' id='word_1_220' title='bbox 267 1597 471 1638; x_wconf 85' lang='lat' dir='ltr'>bezeichnet,</span> <span class='ocrx_word' id='word_1_221' title='bbox 499 1598 564 1629; x_wconf 80' lang='lat' dir='ltr'>wie</span> <span class='ocrx_word' id='word_1_222' title='bbox 588 1600 643 1638; x_wconf 79' lang='lat'>45,</span> <span class='ocrx_word' id='word_1_223' title='bbox 674 1600 724 1639; x_wconf 85' lang='lat'>11,</span> <span class='ocrx_word' id='word_1_224' title='bbox 752 1601 791 1637; x_wconf 82' lang='lat'>33</span> 
     </span>
     <span class='ocr_line' id='line_1_29' title="bbox 111 1644 791 1684; baseline -0.001 -8"><span class='ocrx_word' id='word_1_225' title='bbox 111 1644 166 1683; x_wconf 90' lang='lat'>24,</span> <span class='ocrx_word' id='word_1_226' title='bbox 200 1644 258 1683; x_wconf 87' lang='lat'>18,</span> <span class='ocrx_word' id='word_1_227' title='bbox 296 1644 335 1684; x_wconf 79' lang='lat'>93</span> <span class='ocrx_word' id='word_1_228' title='bbox 371 1645 401 1682; x_wconf 88' lang='grc'>5,</span> <span class='ocrx_word' id='word_1_229' title='bbox 440 1645 491 1683; x_wconf 88' lang='lat'>19,</span> <span class='ocrx_word' id='word_1_230' title='bbox 530 1645 569 1676; x_wconf 91' lang='lat'>11</span> <span class='ocrx_word' id='word_1_231' title='bbox 605 1655 635 1675; x_wconf 91' lang='lat' dir='ltr'>u.</span> <span class='ocrx_word' id='word_1_232' title='bbox 671 1654 711 1684; x_wconf 88' lang='lat' dir='ltr'>a„</span> <span class='ocrx_word' id='word_1_233' title='bbox 740 1644 791 1676; x_wconf 88' lang='lat' dir='ltr'>die</span> 
     </span>
     <span class='ocr_line' id='line_1_30' title="bbox 109 1687 791 1729; baseline 0.001 -9"><span class='ocrx_word' id='word_1_234' title='bbox 109 1687 182 1720; x_wconf 88' lang='lat' dir='ltr'>An·</span> <span class='ocrx_word' id='word_1_235' title='bbox 214 1689 280 1720; x_wconf 90' lang='lat' dir='ltr'>und</span> <span class='ocrx_word' id='word_1_236' title='bbox 302 1688 442 1720; x_wconf 68' lang='lat' dir='ltr'>Absit-ht</span> <span class='ocrx_word' id='word_1_237' title='bbox 467 1689 526 1720; x_wconf 91' lang='lat' dir='ltr'>der</span> <span class='ocrx_word' id='word_1_238' title='bbox 549 1688 699 1729; x_wconf 70' lang='lat' dir='ltr'>Ach&#39;tier,</span> <span class='ocrx_word' id='word_1_239' title='bbox 743 1689 791 1721; x_wconf 90' lang='lat' dir='ltr'>sie</span> 
     </span>
     <span class='ocr_line' id='line_1_31' title="bbox 110 1732 790 1776; baseline 0.001 -11"><span class='ocrx_word' id='word_1_240' title='bbox 110 1732 218 1766; x_wconf 88' lang='lat' dir='ltr'>sollen</span> <span class='ocrx_word' id='word_1_241' title='bbox 254 1739 367 1766; x_wconf 86' lang='lat' dir='ltr'>zuerst</span> <span class='ocrx_word' id='word_1_242' title='bbox 410 1734 677 1776; x_wconf 81' lang='lat' dir='ltr'>zuriickgekehrt</span> <span class='ocrx_word' id='word_1_243' title='bbox 708 1734 790 1775; x_wconf 87' lang='lat' dir='ltr'>sein,</span> 
     </span>
     <span class='ocr_line' id='line_1_32' title="bbox 110 1778 790 1820; baseline 0.001 -9"><span class='ocrx_word' id='word_1_244' title='bbox 110 1779 178 1820; x_wconf 86' lang='lat' dir='ltr'>vgl.</span> <span class='ocrx_word' id='word_1_245' title='bbox 210 1778 303 1812; x_wconf 89' lang='lat' dir='ltr'>Caes.</span> <span class='ocrx_word' id='word_1_246' title='bbox 340 1780 373 1811; x_wconf 90' lang='lat' dir='ltr'>B.</span> <span class='ocrx_word' id='word_1_247' title='bbox 408 1778 446 1811; x_wconf 90' lang='lat' dir='ltr'>G.</span> <span class='ocrx_word' id='word_1_248' title='bbox 480 1781 520 1820; x_wconf 89' lang='lat'>3,</span> <span class='ocrx_word' id='word_1_249' title='bbox 557 1782 616 1819; x_wconf 88' lang='grc'>18,</span> <span class='ocrx_word' id='word_1_250' title='bbox 654 1782 691 1813; x_wconf 86' lang='lat'>7:</span> <span class='ocrx_word' id='word_1_251' title='bbox 724 1792 790 1812; x_wconf 75' lang='lat' dir='ltr'>non</span> 
     </span>
     <span class='ocr_line' id='line_1_33' title="bbox 103 1827 791 1867; baseline 0 -10"><span class='ocrx_word' id='word_1_252' title='bbox 103 1827 202 1865; x_wconf 77' lang='lat' dir='ltr'>prius</span> <span class='ocrx_word' id='word_1_253' title='bbox 233 1844 275 1848; x_wconf 97' lang='lat'><strong>—</strong></span> <span class='ocrx_word' id='word_1_254' title='bbox 312 1836 409 1867; x_wconf 80' lang='lat' dir='ltr'>quam</span> <span class='ocrx_word' id='word_1_255' title='bbox 441 1827 483 1858; x_wconf 77' lang='lat' dir='ltr'>sit</span> <span class='ocrx_word' id='word_1_256' title='bbox 514 1836 703 1858; x_wconf 74' lang='lat' dir='ltr'>conoessum.</span> <span class='ocrx_word' id='word_1_257' title='bbox 745 1843 791 1849; x_wconf 89' lang='lat'>——</span> 
     </span>
     <span class='ocr_line' id='line_1_34' title="bbox 109 1871 788 1913; baseline 0 -11"><span class='ocrx_word' id='word_1_258' title='bbox 109 1871 257 1911; x_wconf 63' lang='lat' dir='ltr'>Sicyon„</span> <span class='ocrx_word' id='word_1_259' title='bbox 282 1881 308 1902; x_wconf 91' lang='lat' dir='ltr'>s.</span> <span class='ocrx_word' id='word_1_260' title='bbox 335 1872 396 1911; x_wconf 87' lang='lat'>31,</span> <span class='ocrx_word' id='word_1_261' title='bbox 432 1873 493 1911; x_wconf 87' lang='lat'>25,</span> <span class='ocrx_word' id='word_1_262' title='bbox 532 1873 570 1904; x_wconf 87' lang='lat'>2:</span> <span class='ocrx_word' id='word_1_263' title='bbox 605 1873 718 1913; x_wconf 78' lang='lat' dir='ltr'>Arqz&#39;s.</span> <span class='ocrx_word' id='word_1_264' title='bbox 744 1889 788 1893; x_wconf 92' lang='lat'>—</span> 
     </span>
     <span class='ocr_line' id='line_1_35' title="bbox 109 1916 789 1958; baseline -0.003 -9"><span class='ocrx_word' id='word_1_265' title='bbox 109 1918 218 1949; x_wconf 75' lang='lat' dir='ltr'>concil.</span> <span class='ocrx_word' id='word_1_266' title='bbox 243 1918 301 1956; x_wconf 63' lang='lat' dir='ltr'>ed„</span> <span class='ocrx_word' id='word_1_267' title='bbox 326 1916 394 1957; x_wconf 84' lang='lat' dir='ltr'>vgl.</span> <span class='ocrx_word' id='word_1_268' title='bbox 410 1918 464 1956; x_wconf 85' lang='lat'>34,</span> <span class='ocrx_word' id='word_1_269' title='bbox 490 1918 545 1957; x_wconf 88' lang='lat'>22,</span> <span class='ocrx_word' id='word_1_270' title='bbox 574 1918 615 1958; x_wconf 82' lang='lat'>6;</span> <span class='ocrx_word' id='word_1_271' title='bbox 640 1917 789 1958; x_wconf 82' lang='lat' dir='ltr'>dagegen</span> 
     </span>
     <span class='ocr_line' id='line_1_36' title="bbox 109 1963 788 2004; baseline 0.001 -12"><span class='ocrx_word' id='word_1_272' title='bbox 109 1971 136 1993; x_wconf 82' lang='lat' dir='ltr'>c.</span> <span class='ocrx_word' id='word_1_273' title='bbox 168 1963 223 2002; x_wconf 91' lang='lat'>27,</span> <span class='ocrx_word' id='word_1_274' title='bbox 255 1963 313 1995; x_wconf 89' lang='lat'>11:</span> <span class='ocrx_word' id='word_1_275' title='bbox 339 1964 511 2004; x_wconf 78' lang='lat' dir='ltr'>indz&#39;etum3</span> <span class='ocrx_word' id='word_1_276' title='bbox 542 1963 596 2003; x_wconf 86' lang='lat'>31,</span> <span class='ocrx_word' id='word_1_277' title='bbox 624 1963 678 2003; x_wconf 88' lang='grc'>29,</span> <span class='ocrx_word' id='word_1_278' title='bbox 698 1964 727 1996; x_wconf 87' lang='grc'>8.</span> <span class='ocrx_word' id='word_1_279' title='bbox 744 1980 788 1984; x_wconf 92' lang='grc'>-</span> 
     </span>
     <span class='ocr_line' id='line_1_37' title="bbox 108 2007 508 2048; baseline 0 -9"><span class='ocrx_word' id='word_1_280' title='bbox 108 2009 153 2040; x_wconf 87' lang='lat' dir='ltr'>ad</span> <span class='ocrx_word' id='word_1_281' title='bbox 175 2007 312 2047; x_wconf 67' lang='lat' dir='ltr'>Quinct„</span> <span class='ocrx_word' id='word_1_282' title='bbox 343 2017 370 2039; x_wconf 89' lang='lat' dir='ltr'>c.</span> <span class='ocrx_word' id='word_1_283' title='bbox 397 2009 452 2048; x_wconf 88' lang='grc'>23,</span> <span class='ocrx_word' id='word_1_284' title='bbox 479 2010 508 2041; x_wconf 87' lang='grc'>5.</span> 
     </span>
    </p>

    <p class='ocr_par' dir='ltr' id='par_1_8' title="bbox 106 2054 788 2595">
     <span class='ocr_line' id='line_1_38' title="bbox 157 2054 788 2093; baseline -0.002 -7"><span class='ocrx_word' id='word_1_285' title='bbox 157 2054 255 2086; x_wconf 86' lang='lat'>5—9.</span> <span class='ocrx_word' id='word_1_286' title='bbox 287 2055 476 2093; x_wconf 66' lang='lat' dir='ltr'>capessend„</span> <span class='ocrx_word' id='word_1_287' title='bbox 511 2054 565 2093; x_wconf 87' lang='lat'>31,</span> <span class='ocrx_word' id='word_1_288' title='bbox 600 2055 654 2093; x_wconf 85' lang='grc'>28,</span> <span class='ocrx_word' id='word_1_289' title='bbox 688 2055 719 2086; x_wconf 88' lang='grc'>4.</span> <span class='ocrx_word' id='word_1_290' title='bbox 745 2071 788 2075; x_wconf 92' lang='grc'>-</span> 
     </span>
     <span class='ocr_line' id='line_1_39' title="bbox 109 2098 788 2139; baseline -0.001 -9"><span class='ocrx_word' id='word_1_291' title='bbox 109 2100 220 2130; x_wconf 75' lang='lat' dir='ltr'>inclin.</span> <span class='ocrx_word' id='word_1_292' title='bbox 237 2115 280 2120; x_wconf 93' lang='lat'>—-</span> <span class='ocrx_word' id='word_1_293' title='bbox 298 2105 400 2138; x_wconf 78' lang='lat' dir='ltr'>erant,</span> <span class='ocrx_word' id='word_1_294' title='bbox 418 2099 536 2130; x_wconf 86' lang='lat' dir='ltr'>hatten</span> <span class='ocrx_word' id='word_1_295' title='bbox 553 2098 624 2130; x_wconf 87' lang='lat' dir='ltr'>sich</span> <span class='ocrx_word' id='word_1_296' title='bbox 640 2098 788 2139; x_wconf 83' lang='lat' dir='ltr'>geneigt‚</span> 
     </span>
     <span class='ocr_line' id='line_1_40' title="bbox 108 2144 788 2187; baseline 0 -11"><span class='ocrx_word' id='word_1_297' title='bbox 108 2154 135 2176; x_wconf 93' lang='lat' dir='ltr'>s.</span> <span class='ocrx_word' id='word_1_298' title='bbox 154 2144 209 2183; x_wconf 90' lang='lat'>31,</span> <span class='ocrx_word' id='word_1_299' title='bbox 238 2145 292 2184; x_wconf 90' lang='lat'>32,</span> <span class='ocrx_word' id='word_1_300' title='bbox 319 2146 356 2187; x_wconf 77' lang='lat'>13</span> <span class='ocrx_word' id='word_1_301' title='bbox 376 2145 430 2184; x_wconf 87' lang='lat'>30,</span> <span class='ocrx_word' id='word_1_302' title='bbox 448 2145 503 2183; x_wconf 87' lang='grc'>43,</span> <span class='ocrx_word' id='word_1_303' title='bbox 526 2145 563 2186; x_wconf 80' lang='grc'>1;</span> <span class='ocrx_word' id='word_1_304' title='bbox 585 2146 639 2184; x_wconf 89' lang='grc'>29,</span> <span class='ocrx_word' id='word_1_305' title='bbox 662 2145 715 2184; x_wconf 92' lang='grc'>33,</span> <span class='ocrx_word' id='word_1_306' title='bbox 739 2146 788 2177; x_wconf 91' lang='grc'>10.</span> 
     </span>
     <span class='ocr_line' id='line_1_41' title="bbox 108 2189 787 2229; baseline 0.001 -9"><span class='ocrx_word' id='word_1_307' title='bbox 108 2207 152 2212; x_wconf 94' lang='grc'>-</span> <span class='ocrx_word' id='word_1_308' title='bbox 171 2191 316 2229; x_wconf 73' lang='grc' dir='ltr'>ίηίεσεν.,</span> <span class='ocrx_word' id='word_1_309' title='bbox 354 2189 439 2221; x_wconf 81' lang='lat' dir='ltr'>nach</span> <span class='ocrx_word' id='word_1_310' title='bbox 472 2189 532 2220; x_wconf 87' lang='lat' dir='ltr'>der</span> <span class='ocrx_word' id='word_1_311' title='bbox 554 2189 616 2222; x_wconf 89' lang='lat' dir='ltr'>Mz.</span> <span class='ocrx_word' id='word_1_312' title='bbox 642 2189 709 2229; x_wconf 86' lang='lat' dir='ltr'>Hs.,</span> <span class='ocrx_word' id='word_1_313' title='bbox 736 2189 787 2221; x_wconf 87' lang='lat' dir='ltr'>die</span> 
     </span>
     <span class='ocr_line' id='line_1_42' title="bbox 108 2233 787 2277; baseline -0.001 -10"><span class='ocrx_word' id='word_1_314' title='bbox 108 2234 247 2275; x_wconf 83' lang='lat' dir='ltr'>iibrigen</span> <span class='ocrx_word' id='word_1_315' title='bbox 264 2235 372 2267; x_wconf 79' lang='lat' dir='ltr'>haben</span> <span class='ocrx_word' id='word_1_316' title='bbox 379 2236 543 2277; x_wconf 78' lang='lat' dir='ltr'>fecerunt,</span> <span class='ocrx_word' id='word_1_317' title='bbox 570 2234 634 2266; x_wconf 81' lang='lat' dir='ltr'>wic</span> <span class='ocrx_word' id='word_1_318' title='bbox 652 2233 702 2266; x_wconf 87' lang='lat' dir='ltr'>oft</span> <span class='ocrx_word' id='word_1_319' title='bbox 718 2245 787 2266; x_wconf 86' lang='lat' dir='ltr'>mo-</span> 
     </span>
     <span class='ocr_line' id='line_1_43' title="bbox 108 2279 785 2321; baseline 0 -8"><span class='ocrx_word' id='word_1_320' title='bbox 108 2291 179 2313; x_wconf 84' lang='lat' dir='ltr'>ram</span> <span class='ocrx_word' id='word_1_321' title='bbox 195 2280 318 2321; x_wconf 75' lang='lat' dir='ltr'>facere,</span> <span class='ocrx_word' id='word_1_322' title='bbox 344 2279 410 2321; x_wconf 81' lang='lat' dir='ltr'>vgl.</span> <span class='ocrx_word' id='word_1_323' title='bbox 437 2281 490 2320; x_wconf 90' lang='grc'>36,</span> <span class='ocrx_word' id='word_1_324' title='bbox 517 2281 549 2320; x_wconf 89' lang='grc'>9,</span> <span class='ocrx_word' id='word_1_325' title='bbox 571 2281 630 2321; x_wconf 67' lang='grc'>13,</span> <span class='ocrx_word' id='word_1_326' title='bbox 657 2282 712 2321; x_wconf 91' lang='grc'>27,</span> <span class='ocrx_word' id='word_1_327' title='bbox 731 2283 785 2321; x_wconf 85' lang='grc'>45,</span> 
     </span>
     <span class='ocr_line' id='line_1_44' title="bbox 112 2326 785 2368; baseline -0.004 -8"><span class='ocrx_word' id='word_1_328' title='bbox 112 2328 148 2360; x_wconf 89' lang='lat'>1:</span> <span class='ocrx_word' id='word_1_329' title='bbox 174 2328 376 2358; x_wconf 75' lang='lat' dir='ltr'>intervallum</span> <span class='ocrx_word' id='word_1_330' title='bbox 386 2326 523 2368; x_wconf 51' lang='lat' dir='ltr'>favern</span> <span class='ocrx_word' id='word_1_331' title='bbox 549 2327 580 2366; x_wconf 87' lang='grc'>3,</span> <span class='ocrx_word' id='word_1_332' title='bbox 607 2327 636 2366; x_wconf 94' lang='grc'>1,</span> <span class='ocrx_word' id='word_1_333' title='bbox 668 2327 704 2359; x_wconf 84' lang='lat'>7:</span> <span class='ocrx_word' id='word_1_334' title='bbox 724 2327 785 2367; x_wconf 84' lang='lat' dir='ltr'>fa-</span> 
     </span>
     <span class='ocr_line' id='line_1_45' title="bbox 108 2370 786 2413; baseline -0.001 -10"><span class='ocrx_word' id='word_1_335' title='bbox 108 2372 239 2404; x_wconf 63' lang='lat' dir='ltr'>stidium</span> <span class='ocrx_word' id='word_1_336' title='bbox 253 2373 309 2413; x_wconf 90' lang='lat' dir='ltr'>s.,</span> <span class='ocrx_word' id='word_1_337' title='bbox 333 2382 363 2402; x_wconf 91' lang='lat' dir='ltr'>u.</span> <span class='ocrx_word' id='word_1_338' title='bbox 390 2371 421 2402; x_wconf 66' lang='grc' dir='ltr'>ξ.</span> <span class='ocrx_word' id='word_1_339' title='bbox 455 2389 498 2393; x_wconf 89' lang='grc'>-</span> <span class='ocrx_word' id='word_1_340' title='bbox 526 2377 658 2412; x_wconf 57' lang='lat' dir='ltr'>expect„</span> <span class='ocrx_word' id='word_1_341' title='bbox 694 2370 786 2403; x_wconf 88' lang='lat' dir='ltr'>seine</span> 
     </span>
     <span class='ocr_line' id='line_1_46' title="bbox 108 2415 788 2458; baseline -0.001 -9"><span class='ocrx_word' id='word_1_342' title='bbox 108 2415 266 2458; x_wconf 83' lang='lat' dir='ltr'>Meinung</span> <span class='ocrx_word' id='word_1_343' title='bbox 279 2416 378 2458; x_wconf 80' lang='lat' dir='ltr'>gieng</span> <span class='ocrx_word' id='word_1_344' title='bbox 391 2415 502 2456; x_wconf 83' lang='lat' dir='ltr'>dahiu,</span> <span class='ocrx_word' id='word_1_345' title='bbox 530 2417 606 2448; x_wconf 85' lang='lat' dir='ltr'>dass</span> <span class='ocrx_word' id='word_1_346' title='bbox 619 2435 663 2439; x_wconf 97' lang='lat'><strong>—</strong></span> <span class='ocrx_word' id='word_1_347' title='bbox 675 2416 788 2455; x_wconf 89' lang='lat' dir='ltr'>sollte,</span> 
     </span>
     <span class='ocr_line' id='line_1_47' title="bbox 109 2461 785 2502; baseline 0 -7"><span class='ocrx_word' id='word_1_348' title='bbox 109 2465 140 2502; x_wconf 89' lang='lat'>7,</span> <span class='ocrx_word' id='word_1_349' title='bbox 186 2463 240 2502; x_wconf 87' lang='lat'>36,</span> <span class='ocrx_word' id='word_1_350' title='bbox 287 2463 329 2501; x_wconf 87' lang='lat'>93</span> <span class='ocrx_word' id='word_1_351' title='bbox 365 2463 418 2502; x_wconf 78' lang='lat'>38,</span> <span class='ocrx_word' id='word_1_352' title='bbox 457 2462 510 2502; x_wconf 89' lang='lat'>31,</span> <span class='ocrx_word' id='word_1_353' title='bbox 554 2463 583 2502; x_wconf 93' lang='lat'>1,</span> <span class='ocrx_word' id='word_1_354' title='bbox 619 2461 686 2502; x_wconf 86' lang='lat' dir='ltr'>vgl.</span> <span class='ocrx_word' id='word_1_355' title='bbox 730 2463 785 2502; x_wconf 89' lang='lat'>26,</span> 
     </span>
     <span class='ocr_line' id='line_1_48' title="bbox 106 2506 786 2550; baseline -0.006 -8"><span class='ocrx_word' id='word_1_356' title='bbox 106 2509 140 2548; x_wconf 87' lang='lat'>4,</span> <span class='ocrx_word' id='word_1_357' title='bbox 161 2509 221 2550; x_wconf 78' lang='lat'>103</span> <span class='ocrx_word' id='word_1_358' title='bbox 244 2506 305 2538; x_wconf 89' lang='lat' dir='ltr'>mit</span> <span class='ocrx_word' id='word_1_359' title='bbox 327 2513 363 2539; x_wconf 77' lang='lat' dir='ltr'>ut</span> <span class='ocrx_word' id='word_1_360' title='bbox 388 2508 419 2546; x_wconf 89' lang='lat'>3,</span> <span class='ocrx_word' id='word_1_361' title='bbox 438 2508 493 2545; x_wconf 80' lang='lat'>44,</span> <span class='ocrx_word' id='word_1_362' title='bbox 521 2509 540 2541; x_wconf 83' lang='lat'>8</span> <span class='ocrx_word' id='word_1_363' title='bbox 563 2517 595 2539; x_wconf 88' lang='lat' dir='ltr'>u.</span> <span class='ocrx_word' id='word_1_364' title='bbox 613 2517 654 2547; x_wconf 83' lang='lat' dir='ltr'>a.,</span> <span class='ocrx_word' id='word_1_365' title='bbox 680 2506 786 2539; x_wconf 89' lang='lat' dir='ltr'>selten</span> 
     </span>
     <span class='ocr_line' id='line_1_49' title="bbox 107 2551 783 2595; baseline 0 -10"><span class='ocrx_word' id='word_1_366' title='bbox 107 2554 152 2585; x_wconf 82' lang='lat' dir='ltr'>ad</span> <span class='ocrx_word' id='word_1_367' title='bbox 174 2552 234 2584; x_wconf 85' lang='lat' dir='ltr'>mit</span> <span class='ocrx_word' id='word_1_368' title='bbox 258 2552 330 2585; x_wconf 85' lang='lat' dir='ltr'>dem</span> <span class='ocrx_word' id='word_1_369' title='bbox 355 2551 600 2595; x_wconf 77' lang='lat' dir='ltr'>Gerundivum3</span> <span class='ocrx_word' id='word_1_370' title='bbox 629 2551 695 2584; x_wconf 89' lang='lat' dir='ltr'>Cic.</span> <span class='ocrx_word' id='word_1_371' title='bbox 711 2551 783 2585; x_wconf 82' lang='lat' dir='ltr'>Att.</span> 
     </span>
    </p>
   </div>
   <div class='ocr_carea' id='block_1_8' title="bbox 854 1325 1545 2595">
    <p class='ocr_par' dir='ltr' id='par_1_9' title="bbox 854 1325 1545 2595">
     <span class='ocr_line' id='line_1_50' title="bbox 863 1325 1545 1368; baseline 0 -9"><span class='ocrx_word' id='word_1_372' title='bbox 863 1328 895 1366; x_wconf 83' lang='lat'>9,</span> <span class='ocrx_word' id='word_1_373' title='bbox 926 1328 963 1359; x_wconf 87' lang='lat'>11</span> <span class='ocrx_word' id='word_1_374' title='bbox 986 1326 1024 1358; x_wconf 76' lang='lat' dir='ltr'>A.</span> <span class='ocrx_word' id='word_1_375' title='bbox 1045 1328 1084 1368; x_wconf 74' lang='lat'>23</span> <span class='ocrx_word' id='word_1_376' title='bbox 1102 1336 1148 1367; x_wconf 88' lang='lat' dir='ltr'>pr.</span> <span class='ocrx_word' id='word_1_377' title='bbox 1168 1325 1250 1357; x_wconf 85' lang='lat' dir='ltr'>dom.</span> <span class='ocrx_word' id='word_1_378' title='bbox 1274 1328 1325 1365; x_wconf 89' lang='lat'>12,</span> <span class='ocrx_word' id='word_1_379' title='bbox 1342 1327 1404 1367; x_wconf 83' lang='grc' dir='ltr'>3ος</span> <span class='ocrx_word' id='word_1_380' title='bbox 1423 1327 1545 1359; x_wconf 86' lang='lat' dir='ltr'>anders</span> 
     </span>
     <span class='ocr_line' id='line_1_51' title="bbox 863 1371 1544 1409; baseline 0.003 -7"><span class='ocrx_word' id='word_1_381' title='bbox 863 1371 907 1403; x_wconf 83' lang='lat' dir='ltr'>ist</span> <span class='ocrx_word' id='word_1_382' title='bbox 932 1371 967 1402; x_wconf 92' lang='lat' dir='ltr'>L.</span> <span class='ocrx_word' id='word_1_383' title='bbox 994 1373 1024 1409; x_wconf 84' lang='lat'>2,</span> <span class='ocrx_word' id='word_1_384' title='bbox 1052 1374 1106 1408; x_wconf 80' lang='grc'>48,</span> <span class='ocrx_word' id='word_1_385' title='bbox 1137 1373 1173 1404; x_wconf 76' lang='lat' dir='ltr'>S:</span> <span class='ocrx_word' id='word_1_386' title='bbox 1199 1378 1340 1404; x_wconf 71' lang='lat' dir='ltr'>auctores</span> <span class='ocrx_word' id='word_1_387' title='bbox 1364 1383 1473 1404; x_wconf 76' lang='lat' dir='ltr'>sumus</span> <span class='ocrx_word' id='word_1_388' title='bbox 1494 1379 1544 1404; x_wconf 82' lang='lat' dir='ltr'>tu-</span> 
     </span>
     <span class='ocr_line' id='line_1_52' title="bbox 862 1417 1542 1459; baseline 0.003 -11"><span class='ocrx_word' id='word_1_389' title='bbox 862 1423 926 1449; x_wconf 78' lang='lat' dir='ltr'>tam</span> <span class='ocrx_word' id='word_1_390' title='bbox 946 1435 989 1439; x_wconf 97' lang='lat'>—</span> <span class='ocrx_word' id='word_1_391' title='bbox 1009 1419 1198 1449; x_wconf 74' lang='lat' dir='ltr'>maiestatem</span> <span class='ocrx_word' id='word_1_392' title='bbox 1215 1418 1304 1458; x_wconf 81' lang='lat' dir='ltr'>fore,</span> <span class='ocrx_word' id='word_1_393' title='bbox 1328 1417 1393 1448; x_wconf 85' lang='lat' dir='ltr'>wir</span> <span class='ocrx_word' id='word_1_394' title='bbox 1416 1417 1542 1459; x_wconf 86' lang='lat' dir='ltr'>biirgeu</span> 
     </span>
     <span class='ocr_line' id='line_1_53' title="bbox 863 1461 1545 1502; baseline 0.003 -9"><span class='ocrx_word' id='word_1_395' title='bbox 863 1461 970 1493; x_wconf 84' lang='lat' dir='ltr'>dafiir.</span> <span class='ocrx_word' id='word_1_396' title='bbox 1003 1479 1041 1484; x_wconf 91' lang='lat'>——</span> <span class='ocrx_word' id='word_1_397' title='bbox 1078 1464 1232 1502; x_wconf 60' lang='lat' dir='ltr'>princip„</span> <span class='ocrx_word' id='word_1_398' title='bbox 1270 1462 1322 1494; x_wconf 82' lang='lat' dir='ltr'>‹lie</span> <span class='ocrx_word' id='word_1_399' title='bbox 1347 1467 1458 1494; x_wconf 82' lang='lat' dir='ltr'>zuerst</span> <span class='ocrx_word' id='word_1_400' title='bbox 1484 1463 1545 1495; x_wconf 85' lang='lat' dir='ltr'>das</span> 
     </span>
     <span class='ocr_line' id='line_1_54' title="bbox 864 1506 1542 1548; baseline 0.001 -9"><span class='ocrx_word' id='word_1_401' title='bbox 864 1507 910 1539; x_wconf 86' lang='lat' dir='ltr'>W</span> <span class='ocrx_word' id='word_1_402' title='bbox 914 1511 966 1539; x_wconf 68' lang='lat' dir='ltr'>ort</span> <span class='ocrx_word' id='word_1_403' title='bbox 991 1506 1168 1548; x_wconf 73' lang='lat' dir='ltr'>ergreffeu,</span> <span class='ocrx_word' id='word_1_404' title='bbox 1197 1507 1374 1539; x_wconf 86' lang='lat' dir='ltr'>besonders</span> <span class='ocrx_word' id='word_1_405' title='bbox 1397 1507 1449 1539; x_wconf 88' lang='lat' dir='ltr'>die</span> <span class='ocrx_word' id='word_1_406' title='bbox 1474 1508 1542 1540; x_wconf 88' lang='lat' dir='ltr'>Da—</span> 
     </span>
     <span class='ocr_line' id='line_1_55' title="bbox 862 1552 1541 1595; baseline 0.003 -11"><span class='ocrx_word' id='word_1_407' title='bbox 862 1552 1029 1594; x_wconf 85' lang='lat' dir='ltr'>miurgen,</span> <span class='ocrx_word' id='word_1_408' title='bbox 1066 1554 1129 1593; x_wconf 86' lang='lat'>32,</span> <span class='ocrx_word' id='word_1_409' title='bbox 1165 1554 1227 1593; x_wconf 88' lang='grc'>21,</span> <span class='ocrx_word' id='word_1_410' title='bbox 1267 1555 1305 1595; x_wconf 78' lang='grc'>1;</span> <span class='ocrx_word' id='word_1_411' title='bbox 1340 1552 1383 1585; x_wconf 90' lang='lat' dir='ltr'>ib.</span> <span class='ocrx_word' id='word_1_412' title='bbox 1410 1555 1473 1593; x_wconf 88' lang='lat'>22,</span> <span class='ocrx_word' id='word_1_413' title='bbox 1499 1555 1541 1594; x_wconf 83' lang='lat'>23</span> 
     </span>
     <span class='ocr_line' id='line_1_56' title="bbox 863 1600 1540 1639; baseline 0 -8"><span class='ocrx_word' id='word_1_414' title='bbox 863 1600 925 1638; x_wconf 83' lang='lat'>41,</span> <span class='ocrx_word' id='word_1_415' title='bbox 965 1600 1028 1639; x_wconf 76' lang='lat'>24,</span> <span class='ocrx_word' id='word_1_416' title='bbox 1058 1600 1107 1632; x_wconf 89' lang='lat'>19.</span> <span class='ocrx_word' id='word_1_417' title='bbox 1144 1617 1187 1621; x_wconf 89' lang='lat'><em>-</em></span> <span class='ocrx_word' id='word_1_418' title='bbox 1220 1601 1255 1629; x_wconf 75' lang='lat' dir='ltr'>in</span> <span class='ocrx_word' id='word_1_419' title='bbox 1279 1605 1355 1630; x_wconf 75' lang='lat' dir='ltr'>sent.</span> <span class='ocrx_word' id='word_1_420' title='bbox 1378 1609 1481 1638; x_wconf 67' lang='lat' dir='ltr'>parm.</span> <span class='ocrx_word' id='word_1_421' title='bbox 1510 1611 1540 1631; x_wconf 90' lang='lat' dir='ltr'>n.</span> 
     </span>
     <span class='ocr_line' id='line_1_57' title="bbox 860 1645 1542 1684; baseline 0 -8"><span class='ocrx_word' id='word_1_422' title='bbox 860 1646 1010 1683; x_wconf 77' lang='lat' dir='ltr'>extemplo</span> <span class='ocrx_word' id='word_1_423' title='bbox 1055 1645 1168 1675; x_wconf 80' lang='lat' dir='ltr'>bellum</span> <span class='ocrx_word' id='word_1_424' title='bbox 1203 1654 1266 1676; x_wconf 81' lang='lat' dir='ltr'>esse</span> <span class='ocrx_word' id='word_1_425' title='bbox 1298 1646 1542 1684; x_wconf 72' lang='lat' dir='ltr'>capessendum;</span> 
     </span>
     <span class='ocr_line' id='line_1_58' title="bbox 861 1687 1542 1722; baseline 0.001 -2"><span class='ocrx_word' id='word_1_426' title='bbox 861 1689 919 1721; x_wconf 90' lang='lat' dir='ltr'>der</span> <span class='ocrx_word' id='word_1_427' title='bbox 945 1687 1036 1721; x_wconf 89' lang='lat' dir='ltr'>Brief</span> <span class='ocrx_word' id='word_1_428' title='bbox 1057 1689 1188 1721; x_wconf 88' lang='lat' dir='ltr'>scheint</span> <span class='ocrx_word' id='word_1_429' title='bbox 1211 1693 1281 1721; x_wconf 84' lang='lat' dir='ltr'>erst</span> <span class='ocrx_word' id='word_1_430' title='bbox 1306 1690 1464 1721; x_wconf 78' lang='lat' dir='ltr'>wiihrend</span> <span class='ocrx_word' id='word_1_431' title='bbox 1484 1690 1542 1722; x_wconf 90' lang='lat' dir='ltr'>der</span> 
     </span>
     <span class='ocr_line' id='line_1_59' title="bbox 858 1734 1542 1776; baseline 0 -10"><span class='ocrx_word' id='word_1_432' title='bbox 858 1734 1049 1775; x_wconf 84' lang='lat' dir='ltr'>Berathung</span> <span class='ocrx_word' id='word_1_433' title='bbox 1085 1735 1265 1776; x_wconf 81' lang='lat' dir='ltr'>angelangt</span> <span class='ocrx_word' id='word_1_434' title='bbox 1303 1745 1343 1766; x_wconf 89' lang='lat' dir='ltr'>zu</span> <span class='ocrx_word' id='word_1_435' title='bbox 1379 1734 1460 1766; x_wconf 85' lang='lat' dir='ltr'>sein.</span> <span class='ocrx_word' id='word_1_436' title='bbox 1496 1753 1542 1758; x_wconf 89' lang='lat'>-—</span> 
     </span>
     <span class='ocr_line' id='line_1_60' title="bbox 857 1781 1538 1822; baseline 0.001 -11"><span class='ocrx_word' id='word_1_437' title='bbox 857 1786 979 1812; x_wconf 72' lang='lat' dir='ltr'>sentent</span> <span class='ocrx_word' id='word_1_438' title='bbox 1005 1791 1089 1822; x_wconf 54' lang='lat' dir='ltr'>exp„</span> <span class='ocrx_word' id='word_1_439' title='bbox 1113 1790 1147 1812; x_wconf 86' lang='lat' dir='ltr'>es</span> <span class='ocrx_word' id='word_1_440' title='bbox 1165 1781 1245 1821; x_wconf 81' lang='lat' dir='ltr'>geht</span> <span class='ocrx_word' id='word_1_441' title='bbox 1263 1781 1384 1812; x_wconf 82' lang='lat' dir='ltr'>daraus</span> <span class='ocrx_word' id='word_1_442' title='bbox 1402 1781 1538 1821; x_wconf 82' lang='lat' dir='ltr'>hervor,</span> 
     </span>
     <span class='ocr_line' id='line_1_61' title="bbox 859 1825 1542 1866; baseline 0.001 -9"><span class='ocrx_word' id='word_1_443' title='bbox 859 1826 934 1857; x_wconf 88' lang='lat' dir='ltr'>dass</span> <span class='ocrx_word' id='word_1_444' title='bbox 962 1835 996 1857; x_wconf 86' lang='lat' dir='ltr'>es</span> <span class='ocrx_word' id='word_1_445' title='bbox 1026 1825 1098 1856; x_wconf 86' lang='lat' dir='ltr'>dem</span> <span class='ocrx_word' id='word_1_446' title='bbox 1115 1825 1293 1866; x_wconf 82' lang='lat' dir='ltr'>Strategen</span> <span class='ocrx_word' id='word_1_447' title='bbox 1318 1825 1451 1857; x_wconf 85' lang='lat' dir='ltr'>erlaubt</span> <span class='ocrx_word' id='word_1_448' title='bbox 1466 1836 1542 1858; x_wconf 84' lang='lat' dir='ltr'>war</span> 
     </span>
     <span class='ocr_line' id='line_1_62' title="bbox 857 1869 1541 1912; baseline 0 -9"><span class='ocrx_word' id='word_1_449' title='bbox 857 1871 948 1903; x_wconf 83' lang='lat' dir='ltr'>scine</span> <span class='ocrx_word' id='word_1_450' title='bbox 965 1870 1108 1902; x_wconf 82' lang='lat' dir='ltr'>Ansieht</span> <span class='ocrx_word' id='word_1_451' title='bbox 1134 1871 1215 1903; x_wconf 90' lang='lat' dir='ltr'>iiber</span> <span class='ocrx_word' id='word_1_452' title='bbox 1240 1872 1303 1903; x_wconf 87' lang='lat' dir='ltr'>den</span> <span class='ocrx_word' id='word_1_453' title='bbox 1326 1869 1431 1912; x_wconf 78' lang='lat' dir='ltr'>Hrieg</span> <span class='ocrx_word' id='word_1_454' title='bbox 1462 1882 1541 1903; x_wconf 87' lang='lat' dir='ltr'>aus-</span> 
     </span>
     <span class='ocr_line' id='line_1_63' title="bbox 858 1916 1539 1958; baseline 0.003 -10"><span class='ocrx_word' id='word_1_455' title='bbox 858 1917 1072 1958; x_wconf 85' lang='lat' dir='ltr'>zusprechen,</span> <span class='ocrx_word' id='word_1_456' title='bbox 1101 1916 1168 1958; x_wconf 76' lang='lat' dir='ltr'>vgl.</span> <span class='ocrx_word' id='word_1_457' title='bbox 1196 1917 1249 1955; x_wconf 90' lang='lat'>32,</span> <span class='ocrx_word' id='word_1_458' title='bbox 1269 1918 1323 1956; x_wconf 88' lang='lat'>22,</span> <span class='ocrx_word' id='word_1_459' title='bbox 1356 1918 1394 1958; x_wconf 77' lang='lat'>33</span> <span class='ocrx_word' id='word_1_460' title='bbox 1422 1916 1464 1948; x_wconf 92' lang='lat' dir='ltr'>ib.</span> <span class='ocrx_word' id='word_1_461' title='bbox 1483 1919 1539 1957; x_wconf 91' lang='grc'>21,</span> 
     </span>
     <span class='ocr_line' id='line_1_64' title="bbox 859 1961 1540 2013; baseline 0 -18"><span class='ocrx_word' id='word_1_462' title='bbox 859 1964 898 2002; x_wconf 88' lang='grc'>3;</span> <span class='ocrx_word' id='word_1_463' title='bbox 935 1963 989 2002; x_wconf 85' lang='grc'>38,</span> <span class='ocrx_word' id='word_1_464' title='bbox 1029 1963 1083 2002; x_wconf 87' lang='grc'>31,</span> <span class='ocrx_word' id='word_1_465' title='bbox 1120 1964 1160 2003; x_wconf 90' lang='grc'>2·</span> <span class='ocrx_word' id='word_1_466' title='bbox 1196 1961 1313 2013; x_wconf 92' lang='lat' dir='ltr'>Pol3b.</span> <span class='ocrx_word' id='word_1_467' title='bbox 1350 1963 1404 2001; x_wconf 91' lang='grc'>28,</span> <span class='ocrx_word' id='word_1_468' title='bbox 1441 1964 1472 2003; x_wconf 90' lang='grc'>7,</span> <span class='ocrx_word' id='word_1_469' title='bbox 1500 1964 1540 1996; x_wconf 86' lang='lat'>6:</span> 
     </span>
     <span class='ocr_line' id='line_1_65' title="bbox 857 2004 1538 2059; baseline -0.002 -18"><span class='ocrx_word' id='word_1_470' title='bbox 857 2007 976 2041; x_wconf 71' lang='grc' dir='ltr'><em>ἐκάλει</em></span> <span class='ocrx_word' id='word_1_471' title='bbox 988 2018 1033 2039; x_wconf 81' lang='grc' dir='ltr'>τα</span> <span class='ocrx_word' id='word_1_472' title='bbox 1047 2004 1252 2059; x_wconf 73' lang='grc' dir='ltr'><em>ποάγματα</em></span> <span class='ocrx_word' id='word_1_473' title='bbox 1271 2004 1336 2048; x_wconf 82' lang='grc' dir='ltr'>τὴν</span> <span class='ocrx_word' id='word_1_474' title='bbox 1352 2008 1415 2040; x_wconf 75' lang='grc' dir='ltr'>τοῦ</span> <span class='ocrx_word' id='word_1_475' title='bbox 1430 2016 1538 2050; x_wconf 80' lang='grc' dir='ltr'><em>στρα-</em></span> 
     </span>
     <span class='ocr_line' id='line_1_66' title="bbox 857 2054 1540 2097; baseline -0.003 -12"><span class='ocrx_word' id='word_1_476' title='bbox 857 2054 973 2095; x_wconf 79' lang='grc' dir='ltr'><em>τηγοῦ</em></span> <span class='ocrx_word' id='word_1_477' title='bbox 999 2063 1162 2097; x_wconf 58' lang='lat' dir='ltr'>ymnum.</span> <span class='ocrx_word' id='word_1_478' title='bbox 1183 2059 1384 2092; x_wconf 32' lang='lat' dir='ltr'>—prwaetou</span> <span class='ocrx_word' id='word_1_479' title='bbox 1411 2062 1448 2084; x_wconf 82' lang='lat' dir='ltr'>er</span> <span class='ocrx_word' id='word_1_480' title='bbox 1465 2063 1540 2084; x_wconf 83' lang='lat' dir='ltr'>war</span> 
     </span>
     <span class='ocr_line' id='line_1_67' title="bbox 857 2097 1540 2138; baseline -0.001 -8"><span class='ocrx_word' id='word_1_481' title='bbox 857 2099 978 2131; x_wconf 80' lang='lat' dir='ltr'>sochen</span> <span class='ocrx_word' id='word_1_482' title='bbox 1004 2109 1062 2130; x_wconf 82' lang='lat' dir='ltr'>aus</span> <span class='ocrx_word' id='word_1_483' title='bbox 1077 2097 1193 2138; x_wconf 77' lang='lat' dir='ltr'>Rreta,</span> <span class='ocrx_word' id='word_1_484' title='bbox 1220 2108 1245 2129; x_wconf 90' lang='lat' dir='ltr'>c.</span> <span class='ocrx_word' id='word_1_485' title='bbox 1261 2099 1315 2138; x_wconf 89' lang='lat'>26,</span> <span class='ocrx_word' id='word_1_486' title='bbox 1344 2100 1375 2138; x_wconf 85' lang='lat'>4,</span> <span class='ocrx_word' id='word_1_487' title='bbox 1397 2098 1540 2130; x_wconf 81' lang='lat' dir='ltr'>zuriick-</span> 
     </span>
     <span class='ocr_line' id='line_1_68' title="bbox 857 2142 1538 2185; baseline -0.001 -9"><span class='ocrx_word' id='word_1_488' title='bbox 857 2144 1049 2185; x_wconf 87' lang='lat' dir='ltr'>gekommen</span> <span class='ocrx_word' id='word_1_489' title='bbox 1081 2144 1146 2175; x_wconf 90' lang='lat' dir='ltr'>und</span> <span class='ocrx_word' id='word_1_490' title='bbox 1175 2143 1262 2183; x_wconf 86' lang='lat' dir='ltr'>jetzt</span> <span class='ocrx_word' id='word_1_491' title='bbox 1287 2153 1360 2175; x_wconf 92' lang='lat' dir='ltr'>zum</span> <span class='ocrx_word' id='word_1_492' title='bbox 1386 2142 1538 2175; x_wconf 86' lang='lat' dir='ltr'>vierten-</span> 
     </span>
     <span class='ocr_line' id='line_1_69' title="bbox 856 2187 1538 2232; baseline -0.001 -11"><span class='ocrx_word' id='word_1_493' title='bbox 856 2189 942 2221; x_wconf 88' lang='lat' dir='ltr'>male</span> <span class='ocrx_word' id='word_1_494' title='bbox 967 2189 1123 2232; x_wconf 77' lang='lat' dir='ltr'>Strateg3</span> <span class='ocrx_word' id='word_1_495' title='bbox 1158 2188 1244 2220; x_wconf 87' lang='lat' dir='ltr'>Plnt.</span> <span class='ocrx_word' id='word_1_496' title='bbox 1271 2198 1296 2220; x_wconf 88' lang='lat' dir='ltr'>c.</span> <span class='ocrx_word' id='word_1_497' title='bbox 1327 2191 1386 2231; x_wconf 80' lang='lat'>143</span> <span class='ocrx_word' id='word_1_498' title='bbox 1418 2187 1538 2220; x_wconf 88' lang='lat' dir='ltr'>Hertz-</span> 
     </span>
     <span class='ocr_line' id='line_1_70' title="bbox 857 2235 1538 2276; baseline 0.003 -10"><span class='ocrx_word' id='word_1_499' title='bbox 857 2235 950 2276; x_wconf 80' lang='lat' dir='ltr'>berg,</span> <span class='ocrx_word' id='word_1_500' title='bbox 980 2237 1008 2275; x_wconf 86' lang='grc'>1,</span> <span class='ocrx_word' id='word_1_501' title='bbox 1037 2236 1111 2267; x_wconf 89' lang='lat'>113.</span> <span class='ocrx_word' id='word_1_502' title='bbox 1137 2235 1304 2276; x_wconf 57' lang='lat' dir='ltr'>—praeffl</span> <span class='ocrx_word' id='word_1_503' title='bbox 1335 2235 1390 2274; x_wconf 88' lang='grc'>34,</span> <span class='ocrx_word' id='word_1_504' title='bbox 1415 2235 1470 2274; x_wconf 90' lang='lat'>27,</span> <span class='ocrx_word' id='word_1_505' title='bbox 1497 2236 1538 2275; x_wconf 88' lang='lat'>6;</span> 
     </span>
     <span class='ocr_line' id='line_1_71' title="bbox 856 2279 1538 2321; baseline -0.006 -7"><span class='ocrx_word' id='word_1_506' title='bbox 856 2282 909 2321; x_wconf 88' lang='lat'>33,</span> <span class='ocrx_word' id='word_1_507' title='bbox 952 2281 1003 2319; x_wconf 91' lang='lat'>12,</span> <span class='ocrx_word' id='word_1_508' title='bbox 1040 2281 1069 2313; x_wconf 90' lang='lat'>3.</span> <span class='ocrx_word' id='word_1_509' title='bbox 1103 2298 1143 2302; x_wconf 94' lang='lat'>—</span> <span class='ocrx_word' id='word_1_510' title='bbox 1176 2281 1297 2318; x_wconf 80' lang='lat' dir='ltr'>Aetol.‚</span> <span class='ocrx_word' id='word_1_511' title='bbox 1334 2279 1368 2310; x_wconf 90' lang='lat' dir='ltr'>in</span> <span class='ocrx_word' id='word_1_512' title='bbox 1392 2279 1538 2311; x_wconf 85' lang='lat' dir='ltr'>anderen</span> 
     </span>
     <span class='ocr_line' id='line_1_72' title="bbox 855 2323 1534 2366; baseline 0 -9"><span class='ocrx_word' id='word_1_513' title='bbox 855 2325 1162 2366; x_wconf 84' lang='lat' dir='ltr'>Angelegenheiten</span> <span class='ocrx_word' id='word_1_514' title='bbox 1211 2323 1321 2356; x_wconf 85' lang='lat' dir='ltr'>durfte</span> <span class='ocrx_word' id='word_1_515' title='bbox 1363 2334 1400 2356; x_wconf 87' lang='lat' dir='ltr'>er</span> <span class='ocrx_word' id='word_1_516' title='bbox 1443 2323 1534 2357; x_wconf 82' lang='lat' dir='ltr'>seine</span> 
     </span>
     <span class='ocr_line' id='line_1_73' title="bbox 856 2369 1535 2412; baseline -0.001 -9"><span class='ocrx_word' id='word_1_517' title='bbox 856 2370 1012 2411; x_wconf 82' lang='lat' dir='ltr'>Meiuung</span> <span class='ocrx_word' id='word_1_518' title='bbox 1042 2380 1153 2412; x_wconf 85' lang='lat' dir='ltr'>Sagen,</span> <span class='ocrx_word' id='word_1_519' title='bbox 1182 2369 1456 2410; x_wconf 73' lang='lat' dir='ltr'>s.Brandst‘:ite1·‚</span> <span class='ocrx_word' id='word_1_520' title='bbox 1481 2369 1535 2402; x_wconf 76' lang='lat' dir='ltr'>(He</span> 
     </span>
     <span class='ocr_line' id='line_1_74' title="bbox 856 2415 1535 2449; baseline -0.001 -1"><span class='ocrx_word' id='word_1_521' title='bbox 856 2415 974 2448; x_wconf 86' lang='lat' dir='ltr'>Gesch.</span> <span class='ocrx_word' id='word_1_522' title='bbox 1010 2416 1066 2448; x_wconf 87' lang='lat' dir='ltr'>des</span> <span class='ocrx_word' id='word_1_523' title='bbox 1101 2416 1182 2448; x_wconf 66' lang='lat' dir='ltr'>titol.</span> <span class='ocrx_word' id='word_1_524' title='bbox 1223 2416 1351 2447; x_wconf 83' lang='lat' dir='ltr'>Bundes</span> <span class='ocrx_word' id='word_1_525' title='bbox 1386 2417 1462 2449; x_wconf 89' lang='lat'>310.</span> <span class='ocrx_word' id='word_1_526' title='bbox 1491 2432 1535 2438; x_wconf 87' lang='lat'>--</span> 
     </span>
     <span class='ocr_line' id='line_1_75' title="bbox 855 2459 1536 2502; baseline -0.003 -9"><span class='ocrx_word' id='word_1_527' title='bbox 855 2467 1039 2501; x_wconf 63' lang='lat' dir='ltr'>exsecatur„</span> <span class='ocrx_word' id='word_1_528' title='bbox 1077 2461 1185 2494; x_wconf 83' lang='lat' dir='ltr'>dieses</span> <span class='ocrx_word' id='word_1_529' title='bbox 1222 2461 1278 2502; x_wconf 82' lang='lat' dir='ltr'>lag</span> <span class='ocrx_word' id='word_1_530' title='bbox 1311 2461 1384 2492; x_wconf 85' lang='lat' dir='ltr'>dem</span> <span class='ocrx_word' id='word_1_531' title='bbox 1412 2459 1536 2492; x_wconf 73' lang='lat' dir='ltr'>Priitor·</span> 
     </span>
     <span class='ocr_line' id='line_1_76' title="bbox 854 2505 1536 2539; baseline -0.001 -1"><span class='ocrx_word' id='word_1_532' title='bbox 854 2507 903 2539; x_wconf 82' lang='lat' dir='ltr'>als</span> <span class='ocrx_word' id='word_1_533' title='bbox 938 2507 996 2539; x_wconf 87' lang='lat' dir='ltr'>der</span> <span class='ocrx_word' id='word_1_534' title='bbox 1030 2505 1342 2539; x_wconf 78' lang='lat' dir='ltr'>Executivbeh&#39;drde</span> <span class='ocrx_word' id='word_1_535' title='bbox 1373 2505 1422 2537; x_wconf 88' lang='lat' dir='ltr'>ob.</span> <span class='ocrx_word' id='word_1_536' title='bbox 1470 2517 1536 2538; x_wconf 82' lang='lat' dir='ltr'>mo-</span> 
     </span>
     <span class='ocr_line' id='line_1_77' title="bbox 855 2553 1455 2595; baseline -0.002 -10"><span class='ocrx_word' id='word_1_537' title='bbox 855 2555 952 2585; x_wconf 76' lang='lat' dir='ltr'>menti</span> <span class='ocrx_word' id='word_1_538' title='bbox 977 2554 1029 2593; x_wconf 83' lang='lat' dir='ltr'>ad,</span> <span class='ocrx_word' id='word_1_539' title='bbox 1056 2554 1110 2594; x_wconf 90' lang='lat'>21,</span> <span class='ocrx_word' id='word_1_540' title='bbox 1137 2555 1169 2593; x_wconf 89' lang='grc'>4,</span> <span class='ocrx_word' id='word_1_541' title='bbox 1196 2553 1237 2595; x_wconf 80' lang='grc'>2;</span> <span class='ocrx_word' id='word_1_542' title='bbox 1264 2553 1320 2591; x_wconf 90' lang='grc'>42,</span> <span class='ocrx_word' id='word_1_543' title='bbox 1346 2553 1401 2592; x_wconf 86' lang='grc'>46,</span> <span class='ocrx_word' id='word_1_544' title='bbox 1426 2553 1455 2584; x_wconf 91' lang='grc'>5.</span> 
     </span>
    </p>
   </div>
  </div>
 </body>
</html>
