1747 2841
158 694 218 735 34

234 133 316 175 140

659 131 785 164 LIBER
809 130 975 164 XXXVI.
1001 129 1094 165 CAP.
1122 132 1174 164 33.
1199 132 1252 164 34.

1513 137 1538 156 a.
1558 137 1586 156 u.
1602 129 1664 157 563.

192 238 213 270 6
233 243 363 288 patere
395 242 526 288 portas
557 236 649 287 regi.
685 236 732 274 ad
763 235 936 286 primum
965 234 1048 273 eius
1074 234 1296 285 ingressum
1319 233 1542 285 principum
1574 234 1665 285 qui-

234 294 323 332 dam
354 292 452 332 urbe
484 298 748 339 excesserunt,
779 291 1027 343 Eurylochus
1057 296 1223 330 mortem
1246 290 1318 330 sibi
1340 291 1537 330 conscivit.
1579 291 1664 330 An—

234 350 351 389 tiochi
375 349 514 392 milites
538 372 591 377 —
612 350 667 389 sic
689 349 794 388 enim
817 348 917 400 pacti
941 354 1116 386 erant—
1137 359 1208 399 per
1228 347 1495 386 Macedoniam
1515 347 1668 387 Thrae-

236 407 413 457 ciamque
434 406 764 457 prosequentibus
774 404 1065 451 Macedonibus,
1089 416 1138 443 ne
1160 404 1247 455 quis
1270 417 1336 443 eos
1357 404 1529 450 violaret,
1550 404 1665 456 Lysi—

195 466 214 498 7
236 463 426 502 machiam
457 463 611 502 deducti
640 468 742 502 sunt.
787 467 898 500 erant
928 466 964 500 et
984 473 1129 512 paucae
1149 473 1267 500 naves
1289 461 1543 507 Demetriade,
1575 461 1667 512 quj-

235 520 309 559 bus
340 525 516 571 praeerat
537 520 732 567 Isidorus3
761 532 826 558 eae
853 530 1012 569 quoque
1043 530 1133 556 cum
1163 519 1359 568 praefecto
1392 531 1463 557 suo
1486 517 1667 557 dimissae

236 583 338 616 sunt.
379 576 470 614 inde
491 576 693 628 Dolopiam
725 582 762 615 et
783 575 1032 627 Aperantiam
1062 580 1098 613 et
1118 574 1375 614 Perrhaebiae
1399 574 1587 626 quasdam
1610 573 1667 613 ci-

237 633 369 672 vitates
400 633 547 684 recipit.

351 690 453 729 Dum
484 690 578 728 haec
608 702 628 728 a
653 690 832 740 Philippo
865 693 1066 740 geruntur,
1098 687 1141 726 T.
1173 687 1377 735 Quinctius
1409 693 1564 738 recepta
1593 687 1669 726 Za-

196 756 217 788 2
238 747 382 798 cyntho
415 746 461 785 ab
493 747 659 785 Achaico
692 746 854 785 concilio
887 746 1130 796 Naupactum
1163 744 1331 791 traiecit,
1363 756 1461 795 quae
1491 744 1568 783 iam
1597 756 1669 795 per

237 804 337 842 duos
367 815 522 842 menses
547 827 601 831 —
631 809 669 842 et
696 804 773 842 iam
805 815 929 854 prope
958 801 1152 840 excidium
1181 806 1262 840 erat
1281 823 1335 827 —
1357 800 1670 852 oppugnabatur,

238 867 274 900 et
295 860 327 899 si
347 865 455 911 capta
476 860 512 898 vi
535 863 648 907 foret,
667 872 785 899 omne
807 872 955 898 nomen
977 858 1030 897 ibi
1040 858 1270 897 Aetolorum
1292 857 1338 896 ad
1358 857 1669 897 internecionem

198 927 217 959 3
238 917 441 956 videbatur
483 923 707 956 venturum.

767 922 940 956 ceterum
978 927 1219 967 quamquam
1259 914 1396 953 merito
1437 914 1558 953 iratus
1590 919 1673 953 erat

237 974 394 1021 Aetolis,
423 974 528 1024 quod
553 974 657 1013 solos
681 974 917 1012 obtrectasse
939 972 1081 1024 gloriae
1101 984 1205 1018 suae,
1233 983 1323 1010 cum
1345 970 1526 1010 liberaret
1547 971 1669 1010 Grae-

238 1031 349 1078 ciam,
380 1031 621 1078 meminerat,
653 1036 690 1070 et
709 1030 804 1069 nihil
834 1030 1060 1069 auctoritate
1083 1041 1152 1067 sua
1175 1033 1304 1067 motos
1327 1040 1424 1075 esse,
1447 1040 1550 1075 cum,
1571 1039 1670 1078 quae

237 1094 319 1127 tum
342 1087 510 1126 maxime
531 1087 760 1134 acciderant,
783 1099 917 1125 casura
940 1097 1202 1138 praemonens
1224 1098 1244 1124 a
1268 1085 1419 1124 furioso
1434 1085 1588 1136 incepto
1602 1097 1671 1123 eos

196 1147 218 1179 4
238 1145 461 1190 deterreret,
484 1151 613 1183 tamen
635 1144 696 1183 sui
717 1144 885 1183 maxime
909 1144 1038 1194 operis
1063 1155 1148 1181 esse
1171 1142 1335 1181 credens
1356 1142 1503 1181 nullam
1516 1146 1671 1193 gentem

235 1201 416 1240 liberatae
446 1201 493 1240 ab
520 1214 561 1240 se
587 1202 767 1241 Graeciae
798 1200 975 1240 funditus
1004 1199 1147 1245 everti,
1180 1198 1431 1238 obambulare
1463 1198 1598 1245 muris,
1629 1204 1673 1237 ut

239 1291 300 1322 den
333 1290 397 1322 wir
428 1290 478 1321 als
512 1289 609 1321 Theil
643 1291 698 1322 des
724 1288 918 1321 Priidicates

237 1340 425 1376 crwarten3
451 1337 492 1367 da
517 1346 551 1367 es
581 1335 734 1367 Attribut
759 1346 799 1366 zu
828 1338 920 1367 venia

237 1382 292 1421 ist,
306 1382 391 1413 wird
404 1382 462 1414 der
480 1382 583 1413 durch
596 1381 712 1413 Beides
730 1380 919 1413 bestimmte

238 1427 366 1469 Begrilf
398 1428 457 1460 der
484 1427 648 1468 Hoffnung
681 1425 833 1459 sch'arfer
859 1426 919 1458 be-

238 1469 400 1506 z'eichnet.
426 1492 469 1496 ——
484 1480 553 1514 pat.
575 1479 701 1513 portas,
731 1483 767 1504 so
796 1472 920 1504 kommt

238 1520 297 1551 der
321 1519 479 1561 wichtige
505 1518 600 1551 Platz
637 1519 762 1551 wieder
796 1518 828 1549 in
867 1517 918 1550 die

239 1564 372 1597 Gewalt
404 1566 461 1597 des
494 1563 629 1606 ffiutgs,
666 1565 721 1605 39,
765 1565 820 1605 23,
860 1565 918 1604 12,

238 1611 281 1643 ib.
311 1613 366 1649 25,
393 1613 424 1644 9.

285 1681 384 1713 6-7.
410 1680 607 1719 Εανῃίοσίι.,
634 1688 659 1710 s.
688 1680 749 1718 35,
775 1675 850 1711 31f.
875 1695 920 1700 —

237 1727 300 1763 sic,
340 1725 416 1756 dass
452 1725 510 1756 das
544 1734 580 1755 so
607 1724 793 1765 geschehen
822 1723 918 1763 solle,

238 1781 264 1802 e.
283 1772 337 1810 28,
358 1772 397 1804 2:
425 1773 477 1802 ita.
495 1788 541 1792 —
558 1772 687 1802 leraec.
700 1794 708 1809 ,
728 1780 753 1802 s.
781 1770 835 1811 32,
862 1771 916 1808 25,

241 1818 300 1856 10,
328 1818 382 1856 37,
412 1818 466 1856 33,
488 1818 526 1855 3,
556 1815 670 1855 ib.48,
701 1817 737 1855 4,
763 1816 818 1853 60,
848 1818 866 1848 7
885 1826 918 1849 u.

237 1872 265 1894 a.
289 1881 331 1885 —
352 1865 487 1903 Μήνῃ,
515 1872 541 1893 c.
569 1864 600 1902 7,
629 1863 679 1894 15.
704 1879 745 1883 —
771 1862 864 1901 Isid„
891 1871 918 1892 c.

238 1909 292 1948 20,
316 1911 348 1941 5.
372 1926 416 1931 —
442 1909 578 1947 Dolop.,
616 1917 658 1938 an
684 1907 742 1939 der
765 1906 918 1938 Siidseite

237 1954 294 1986 des
308 1952 430 1985 Pindus
455 1954 540 1985 nach
560 1952 661 1985 Osten
681 1953 747 1984 und
766 1952 919 1993 VVesten,

237 2001 299 2039 33,
327 2001 392 2040 34,
419 2001 457 2039 6,
485 1999 614 2031 siidlich
640 2009 705 2029 von
730 1998 841 2039 ihnen,
868 2008 920 2029 am

239 2045 360 2077 oberen
400 2043 505 2077 Lause
546 2045 603 2077 des
639 2044 826 2083 Achelous,
867 2043 919 2076 die

236 2090 401 2134 Aperanti
430 2091 462 2122 in
498 2091 556 2123 der
579 2089 674 2123 N‘zihe
699 2090 756 2121 der
776 2089 919 2130 Agr'zier,

237 2136 306 2178 vgl.
332 2147 359 2168 c.
387 2138 451 2177 34,
478 2137 516 2177 9,
562 2138 616 2176 38,
645 2138 675 2176 3,
705 2137 745 2176 4,
783 2137 838 2173 43,
865 2137 920 2177 22,

240 2185 290 2216 11.
316 2201 360 2205 -
390 2184 580 2222 Perrhaeb,
608 2192 634 2214 c.
667 2161 726 2222 ⁷15,
755 2183 794 2221 7·
831 2180 920 2212 Plut.

236 2228 332 2259 l.1.:
372 2225 568 2274 (Ξγοαένων
603 2230 667 2261 καὶ
700 2229 921 2282 φερομείων

239 2270 313 2307 ὑπὸ
346 2278 412 2307 τοῦ
438 2260 666 2312 Μακεδόνος
697 2276 808 2306 τοῦτο
848 2272 921 2318 μὲν

238 2315 427 2353 Δολόπων
453 2322 516 2353 καὶ
543 2315 775 2374 Νίαγνήτων,
807 2322 918 2352 τοῦτο

238 2365 279 2398 δὲ
303 2363 476 2410 Λθαμάα
479 2378 529 2399 ων
554 2367 617 2399 καὶ
639 2362 884 2412 Ἀπεραντῶι.

284 2430 462 2470 34—35
521 2432 829 2466 Waffenstillstand
859 2432 919 2463 mit

237 2480 299 2511 den
313 2479 490 2519 Aetolern3
512 2478 814 2512 Gesandtsehaften
835 2479 919 2510 nach

236 2524 326 2556 Rom.
375 2524 494 2567 Polyb.
527 2527 587 2566 20,
620 2527 679 2565 123
718 2524 804 2556 Plut.
831 2523 915 2556 Phil.

239 2572 298 2610 17,
324 2569 390 2602 Tit.
421 2573 472 2604 15.

1038 1289 1136 1321 2-4,
1166 1295 1193 1320 et
1218 1291 1283 1319 iam
1310 1306 1354 1310 —-
1381 1295 1457 1327 erat,
1486 1298 1585 1320 wenn
1603 1287 1672 1319 die-

989 1344 1041 1366 ses
1067 1334 1125 1365 der
1148 1333 1224 1365 Fall
1249 1343 1342 1373 war,
1369 1343 1405 1364 so
1430 1333 1475 1364 ist
1503 1333 1561 1365 der
1586 1332 1672 1364 Ent-

989 1379 1117 1412 schluss
1153 1379 1210 1411 des
1238 1378 1376 1411 Consuls
1401 1388 1427 1410 c.
1454 1379 1508 1419 35,
1535 1380 1554 1412 6
1580 1378 1674 1410 nicht

988 1425 1092 1458 leicht
1112 1425 1305 1457 erklarlich.
1357 1427 1420 1456 iam
1446 1443 1489 1447 —
1513 1426 1587 1464 iam,
1616 1426 1670 1466 37,

992 1473 1044 1511 13,
1071 1473 1109 1511 9,
1136 1471 1220 1502 doch
1245 1471 1290 1502 ist
1315 1480 1357 1502 an
1382 1481 1413 1502 u.
1431 1470 1479 1502 St.
1500 1469 1592 1502 viell.
1613 1470 1674 1502 das

989 1517 1061 1549 eine
1092 1520 1155 1549 iam
1179 1517 1315 1557 unacht,
1341 1516 1410 1557 vgl.
1439 1517 1494 1557 37,
1521 1517 1552 1556 6,
1583 1517 1673 1549 3.-

989 1575 1078 1595 omne
1108 1575 1161 1605 n.,
1202 1562 1235 1594 in
1261 1563 1320 1594 der
1346 1561 1444 1594 stadt
1468 1562 1574 1594 selbst
1598 1572 1672 1593 war

988 1620 1050 1640 nur
1088 1608 1141 1640 ein
1179 1608 1308 1640 kleiner
1344 1606 1443 1640 Theil
1480 1608 1537 1640 des
1563 1607 1669 1639 Volks

989 1654 1274 1695 eingeschlossen3
1301 1663 1335 1685 es
1360 1654 1425 1686 soll
1445 1654 1512 1685 wol
1532 1663 1594 1685 nur
1612 1653 1673 1685 be-

989 1700 1129 1740 dcuten,
1157 1700 1232 1731 dass
1259 1699 1343 1730 (131111
1370 1699 1429 1731 der
1453 1709 1557 1741 ganze
1585 1698 1668 1731 ⁸zitol.

988 1746 1079 1778 Bund
1111 1756 1152 1777 zu
1177 1744 1311 1777 Gruude
1344 1746 1449 1786 gehen
1474 1745 1599 1777 wiirde.
1627 1763 1672 1767 —

988 1794 1018 1824 si
1049 1803 1072 1824 c.
1107 1803 1136 1824 v.
1166 1793 1274 1831 foret,
1309 1792 1364 1831 27,
1402 1792 1458 1831 26,
1484 1792 1523 1831 9,
1555 1792 1611 1831 43,
1637 1793 1670 1831 4,

991 1840 1021 1878 1,
1072 1837 1139 1878 vgl.
1190 1839 1245 1877 45,
1297 1838 1351 1877 25,
1395 1838 1437 1870 12
1480 1847 1512 1868 u.
1551 1846 1581 1868 a.
1627 1854 1672 1859 —

988 1890 1124 1923 ventur„
1169 1883 1238 1924 vgl.
1282 1884 1313 1922 2,
1355 1884 1410 1921 44,
1452 1884 1490 1916 9:
1536 1884 1573 1914 id
1602 1893 1672 1914 ma-

991 1932 1055 1961 lum
1084 1947 1126 1950 —
1153 1931 1197 1960 ad
1218 1935 1356 1961 extrema
1379 1931 1499 1960 venisse
1528 1938 1559 1960 u.
1585 1928 1670 1960 ii.—

990 1977 1190 2013 obtreetasse,
1229 1975 1324 2006 hatte
1357 1973 1401 2005 ini
1436 1972 1672 2014 Ged'zichtniss,

990 2024 1117 2053 wusste
1137 2020 1224 2059 dass,
1250 2030 1276 2051 s.
1302 2021 1357 2060 29,
1386 2021 1440 2060 28,
1468 2022 1504 2060 8,
1531 2021 1586 2060 41,
1616 2021 1672 2060 18,

995 2068 1033 2106 1,
1074 2076 1134 2097 zur
1161 2066 1266 2097 Sache
1296 2066 1358 2104 33,
1391 2067 1450 2104 11,
1478 2064 1586 2105 8,111.
1612 2067 1667 2105 31,

1310 2111 1434 2143 bereits
1461 2110 1670 2152 eingetreten

1411 2158 1466 2196 24,
1493 2159 1525 2196 7,
1552 2157 1591 2195 3,
1624 2156 1668 2189 ib.

991 2205 1045 2244 32,
1073 2204 1103 2236 9.
1129 2221 1173 2225 ——
1197 2214 1329 2242 casura,
1354 2202 1433 2234 weil
1457 2202 1547 2235 diese
1571 2201 1671 2234 Form

990 2259 1054 2280 von
1095 2251 1233 2281 accidere
1267 2248 1359 2280 nicht
1390 2248 1538 2290 gebildet
1571 2247 1670 2288 wird,

989 2294 1057 2336 vgl.
1085 2296 1145 2334 38,
1183 2296 1246 2334 46,
1282 2295 1322 2336 6,
1361 2295 1513 2334 35,13,
1541 2295 1585 2333 9,
1612 2304 1672 2325 zur

988 2340 1094 2372 Saehe
1128 2342 1190 2380 35,
1220 2342 1283 2379 33,
1315 2342 1345 2373 7.
1380 2357 1425 2362 --
1450 2342 1578 2379 deterr.,
1605 2339 1667 2371 ab-

988 2386 1170 2419 schrecken
1204 2386 1332 2425 wollte,
1375 2387 1429 2425 25,
1467 2386 1521 2425 33,
1557 2387 1588 2419 5.
1623 2403 1668 2407 —

988 2435 1042 2464 sui
1065 2443 1125 2472 op„
1154 2434 1208 2471 38,
1236 2434 1268 2472 9,
1294 2433 1331 2465 6:
1359 2433 1446 2472 quod
1466 2434 1520 2463 sui
1532 2433 1670 2463 maxime

988 2481 1092 2518 operis
1114 2485 1190 2510 erat.
1222 2496 1262 2499 ——
1295 2479 1374 2509 null.
1405 2489 1435 2519 q.
1473 2480 1556 2517 etc.‚
1600 2476 1669 2517 vgl.

987 2534 1013 2555 c.
1045 2526 1102 2562 17,
1146 2525 1201 2556 13:
1227 2522 1315 2554 Plut.
1342 2523 1364 2554 l.
1400 2522 1441 2555 1.:
1477 2524 1670 2569 οἰκτείρων

988 2569 1074 2607 τοὺς
1095 2565 1281 2611 εΈλληνας.

990 2114 1021 2145 2.
1049 2129 1094 2134 -
1119 2114 1271 2151 αοειᾱεν.,

990 2168 1063 2189 war
1090 2157 1154 2189 und
1179 2158 1327 2196 dauerte,
1356 2168 1381 2188 s.
