1747 2841
23 137 25 139 ·
59 131 86 151 8.
106 123 156 151 ch.
178 124 238 150 191.

474 123 601 157 Lmen
624 124 788 158 xxxvi.
815 123 906 157 etr.
929 126 982 159 32.
1010 126 1063 158 33.
1410 126 1490 168 139

62 229 174 268 video
207 241 302 275 esse,
334 228 400 267 ubi
430 228 570 267 exserit
590 228 707 279 partis
730 229 888 279 aliquas,
912 228 1191 278 quodcumque
1213 228 1382 275 nudavit,
1416 229 1488 267 ob-

63 286 226 324 noxium
254 291 368 336 atque
398 284 600 323 infirmum
630 284 792 331 habere,
824 285 926 323 haud
956 284 1191 323 dissimiliter
1223 297 1303 331 vos,
1335 285 1487 332 Achaei,
1509 295 1526 325 7

62 343 213 381 clausos
238 341 409 392 undique
433 341 541 387 mari,
571 353 669 392 quae
696 341 793 380 intra
815 341 1074 392 Peloponnesi
1096 348 1189 379 sunt
1211 341 1411 388 terminos,
1443 355 1486 380 ea

62 406 99 438 et
126 399 286 449 iungere
309 397 418 436 vobis
449 404 485 436 et
507 397 636 436 iuncta
658 398 756 436 tueri
779 398 898 444 facile,
934 397 1050 435 simul
1070 397 1246 436 aviditate
1268 398 1379 448 plura
1402 410 1487 436 am—
1508 400 1526 433 8

60 454 254 506 plectendi
285 454 375 492 hinc
396 454 599 500 excedatis,
623 454 726 492 nuda
758 454 867 493 vohis
900 453 1043 499 onmia,
1071 466 1170 504 quae
1202 461 1307 492 extra
1331 455 1418 500 sint,
1451 462 1488 493 et

60 511 233 562 exposita
263 510 309 549 ad
341 522 478 549 omnes
511 510 608 549 ictus
636 514 756 550 esse.“
819 510 1046 549 adsentienti
1080 510 1187 548 omni
1219 511 1382 549 coneilio
1415 523 1486 550 nec
1506 514 1525 546 9

59 567 260 618 Diophane
278 567 376 605 ultra
398 567 556 605 tendere
579 580 673 606 auso
698 567 916 618 Zacynthus
939 567 1126 605 Romanis
1149 567 1322 606 traditur.

171 623 247 662 Per
263 623 366 662 idem
388 630 541 673 tempus
567 623 768 674 Philippus
792 636 859 662 rex
880 623 1192 674 proticiscentem
1215 624 1417 662 consulem
1439 624 1485 662 ad
1506 622 1563 663 33

59 679 302 731 Naupactum
329 687 616 730 percunctatus,
647 681 679 718 si
714 693 755 719 se
777 680 945 725 interim,
976 692 1074 730 quae
1095 679 1327 718 defecissent
1345 680 1391 718 ab
1416 694 1483 720 5ο-

61 737 194 775 cietate
215 737 402 783 Romana,
434 736 549 775 urbes
579 737 750 787 recipere
778 732 898 782 vellet,
928 736 1174 787 permittente
1205 748 1250 774 eo
1275 736 1320 775 ad
1343 737 1484 776 Deme·
1505 744 1523 776 2

57 793 220 831 triadem
252 793 382 843 copias
414 793 585 832 admovit
615 793 716 831 haud
748 793 919 844 ignarus,
951 799 1094 843 quanta
1125 792 1175 831 ibi
1206 799 1288 831 tum
1317 793 1483 832 turbatio

57 855 169 888 esset.
213 849 380 888 destituti
404 850 507 888 enim
528 849 574 887 ab
603 850 709 887 omni
731 861 811 900 spe,
838 861 928 888 cum
952 849 1126 888 desertos
1147 862 1188 888 se
1209 848 1256 888 al)
1277 850 1483 897 Antiocho,
1503 858 1522 889 3

55 918 166 957 spem
199 906 344 944 nullam
375 906 415 944 in
436 906 578 945 Aetolis
606 918 690 944 esse
714 913 929 952 cernerent,
962 905 1043 944 dies
1061 912 1274 957 noctesque
1299 913 1364 945 aut
1387 906 1482 945 Phi-

55 962 150 1013 lippi
182 963 302 1001 hostis
333 962 545 1001 adventum
572 969 636 1001 aut
666 963 908 1001 infestiorem
935 963 1072 1009 etiam,
1119 975 1197 1013 quo
1229 962 1368 1001 iustius
1397 963 1482 1002 irati

56 1025 177 1065 eiant,
208 1020 498 1058 Romanoium
508 1018 771 1069 expectabant.
816 1019 928 1057 tulba
956 1025 1036 1057 erat
1056 1019 1108 1057 ibi
1131 1019 1328 1058 incondita
1351 1020 1482 1070 iegio-
1502 1028 1522 1060 4

55 1087 158 1122 rum,
187 1076 254 1127 qui
274 1076 400 1126 primo
423 1076 535 1126 pauci
558 1076 597 1113 in
619 1075 810 1126 piaesidio
833 1076 966 1122 ielicti,
991 1082 1124 1139 postea
1140 1076 1228 1127 plui
1231 1088 1283 1122 es
1306 1075 1481 1127 plerique

55 1132 237 1178 inermes,
260 1144 306 1169 ex
325 1132 473 1182 pioelio
487 1132 648 1170 adverso
673 1135 712 1171 fu
718 1145 762 1183 ga
783 1132 906 1178 delati,
935 1144 1008 1171 nec
1028 1133 1169 1171 xiriuin
1193 1145 1265 1171 nec
1284 1133 1402 1171 animi
1418 1146 1481 1171 sa-

53 1189 101 1227 tis
123 1188 170 1227 ad
193 1188 436 1227 obsidionem
459 1189 696 1227 toleiandam
717 1188 929 1228 habebant:
950 1189 1077 1240 itaque
1100 1189 1367 1240 piaemissisa
1347 1202 1367 1228 a
1389 1189 1481 1228 Phi-
1502 1200 1521 1232 5

52 1245 173 1296 lippo,
204 1245 271 1296 qui
302 1257 413 1296 spem
443 1245 694 1296 impetrabilis
725 1246 858 1284 veniae
890 1245 1156 1291 ostendebant,
1191 1246 1482 1297 responderunt

801 1380 863 1408 spe.
902 1387 945 1390 —
980 1369 1163 1409 infestior,
1200 1378 1264 1399 von
1302 1368 1362 1400 den
1389 1368 1483 1400 Men-

801 1415 900 1445 schen
938 1413 998 1446 auf
1028 1414 1081 1445 die
1110 1413 1307 1454 Th'atigkeit
1341 1414 1482 1455 iibergc-

801 1464 936 1501 tragen,
971 1459 1035 1491 wie
1075 1462 1154 1498 iter,
1188 1461 1299 1491 bellum
1331 1461 1483 1500 infestum

53 1386 98 1390 —
107 1369 286 1408 obnoxium,
312 1367 463 1400 Schaden
477 1372 676 1409 ausgesetzt.
688 1386 732 1390 -—

53 1425 140 1455 quaev
162 1416 249 1446 intra
276 1417 360 1455 etc„
396 1414 457 1445 deu
482 1423 607 1455 gauzen
635 1413 732 1445 Pelo-

53 1469 188 1501 ponnes,
213 1459 272 1490 der
292 1463 361 1491 erst
377 1459 500 1501 spiiter,
527 1470 552 1491 c.
573 1461 626 1494 35,
654 1469 732 1491 ver-—

11 1532 15 1535 .
52 1504 159 1546 eiuigt
189 1504 283 1537 wird.
308 1522 352 1526 ——
378 1507 480 1544 vobis,
514 1505 573 1536 mit
600 1515 731 1537 enei-em

801 1517 830 1537 u.
843 1506 894 1545 ’ὡς
911 1505 1127 1541 Cic.Ver1·.2,
1142 1507 1169 1545 1,
1182 1508 1211 1538 5.
1227 1507 1265 1538 12
1277 1513 1285 1537 z
1299 1508 1419 1537 clamar
1430 1509 1482 1537 in-

52 1550 174 1590 Bunde,
203 1551 256 1590 21,
285 1552 314 1590 5,
340 1552 369 1583 9.
406 1549 536 1582 Vorher
552 1551 642 1582 steht
659 1558 736 1583 sunt
792 1552 926 1591 fastus,-
960 1551 1041 1583 iiber
1075 1551 1132 1583 das
1151 1550 1275 1583 Fehlen
1290 1561 1354 1582 von
1371 1563 1403 1583 eo
1425 1553 1479 1592 35,

51 1596 116 1628 wie
133 1603 197 1634 est;
213 1598 338 1635 exserit,
360 1595 403 1626 im
423 1594 515 1637 Folg.
536 1596 658 1628 kounte
680 1595 733 1628 ffir

51 1642 114 1674 den
139 1651 415 1683 angenommeuen
434 1640 512 1672 Fall
526 1645 591 1673 sim
609 1641 729 1683 solgen.

52 1705 97 1710 —
121 1689 245 1730 facile,
270 1688 367 1718 'auch
402 1687 485 1718 dazu
516 1688 636 1728 gehlirt
669 1699 733 1720 esse

52 1733 197 1765 welches
222 1731 318 1773 folgt.
355 1750 399 1755 —
425 1735 624 1773 adsentienti,
650 1744 675 1765 5,
702 1744 728 1765 c.

54 1780 105 1819 14,
136 1780 185 1812 12.
202 1780 347 1811 —Bom
364 1781 459 1817 trad„
485 1779 544 1810 der
557 1779 729 1811 Beschluss

50 1823 95 1856 ist
120 1825 221 1856 sehon
247 1822 268 1865 ξ
283 1826 303 1857 4
320 1823 457 1865 gestisst,
476 1825 542 1856 und
556 1824 640 1856 wird
658 1825 732 1857 hier

51 1880 114 1901 nur
138 1869 345 1911 ausgefiihrt.

99 1912 168 1952 33.
195 1914 431 1955 Eroberungen
455 1911 612 1958 Philipps.
662 1915 730 1958 Ap-

49 1960 137 2003 pian.
164 1960 239 2003 Syr.
267 1962 328 2000 21;
356 1960 442 1992 Plut.
465 1960 532 1992 Tit.
565 1963 613 1995 15.

100 2007 197 2040 1-3.
222 2009 266 2038 ad
286 2008 405 2047 Naup„
431 2007 512 2038 iiber
537 2006 590 2039 die
610 2006 730 2038 VVort-

48 2051 197 2093 stellung
226 2062 252 2083 s.
277 2062 306 2086 c,
325 2053 378 2093 31,
405 2054 458 2085 10.
478 2070 519 2074 -
537 2055 678 2092 νεσίρωκ,
702 2063 727 2084 5.

49 2107 77 2129 c.
96 2099 149 2139 24,
170 2100 189 2130 ’ἶ
202 2106 210 2138 ;
228 2097 507 2130 wahrscheinlieh
527 2098 642 2130 hatten
660 2098 730 2130 sich

49 2143 101 2175 die
113 2143 231 2175 Romer
244 2143 328 2174 dazu
344 2143 551 2175 verbindlich
565 2145 727 2185 gemacht,

49 2199 74 2221 5.
97 2189 151 2229 39,
173 2190 228 2231 26,
251 2191 310 2229 113
330 2189 384 2229 35,
406 2190 460 2228 31,
480 2192 508 2222 5.
527 2207 570 2212 —
584 2193 728 2230 permitt.

47 2246 82 2267 eo
106 2235 190 2266 nach
211 2237 460 2275 proficiscentem
484 2246 521 2275 0.,
562 2245 587 2267 5.
614 2245 642 2269 c.
676 2237 730 2275 21,

49 2283 80 2320 4,
107 2280 175 2321 vgl.
206 2281 259 2321 32,
289 2281 343 2321 38,
372 2282 400 2314 7.
425 2298 471 2303 --
494 2283 646 2321 Demetr.,
674 2282 727 2321 35,

48 2327 105 2360 34.
132 2343 177 2348 -—
200 2328 318 2359 turbat.
349 2326 455 2357 haben
474 2325 547 2358 hier
570 2325 636 2358 fast
662 2327 728 2358 alle

47 2370 139 2410 Hss,
177 2371 240 2404 wie
267 2373 326 2411 24,
361 2373 422 2411 28,
466 2373 500 2412 13
527 2372 567 2403 ob
593 2372 646 2404 die
669 2382 729 2413 ge-

49 2416 236 2449 wo'hnliche
255 2416 392 2449 Lesart:
402 2419 603 2456 perturbatio
620 2417 653 2449 in
668 2418 727 2450 der

49 2461 112 2494 Mz.
150 2461 204 2495 Hs.
240 2462 422 2504 gestanden
459 2463 542 2494 habe
580 2463 624 2495 ist
665 2475 728 2495 un-

48 2508 168 2540 sieher.
189 2511 362 2542 —descm
388 2519 412 2541 5.
444 2510 496 2548 31,
527 2510 582 2551 24,
609 2510 647 2548 3;
673 2511 726 2549 25,

48 2554 110 2593 27,
151 2555 209 2594 133
240 2554 269 2586 J.
296 2553 396 2586 Grau.
427 2564 527 2586 verm.
553 2565 609 2594 ope
644 2559 728 2586 statt

805 1598 946 1675 ῙΖΞῙΕΞ).
975 1644 1104 1684 reyior¹⁷
1134 1641 1313 1683 Auh'tingei'
1337 1642 1391 1673 des
1411 1642 1480 1674 An-

801 1687 940 1719 tiochus.
993 1690 1050 1729 qui
1080 1688 1139 1719 hat
1171 1687 1242 1719 sich
1267 1697 1306 1718 an
1320 1690 1423 1727 pauet*
1438 1707 1481 1713 —

795 1736 908 1773 plures
937 1732 1203 1774 angeschlossen,
1238 1743 1263 1764 5.
1297 1735 1352 1775 44,
1387 1734 1417 1773 3,
1445 1736 1480 1773 53

802 1780 856 1817 35,
884 1780 936 1818 30,
961 1780 980 1812 6
1005 1790 1034 1812 u.
1055 1781 1205 1818 apr-imo
1226 1785 1391 1818 —postea
1417 1789 1476 1820 ge-

802 1825 904 1856 hiiren
930 1835 992 1856 nur
1012 1835 1050 1856 zu
1070 1825 1130 1856 den
1153 1823 1364 1866 Participien,
1395 1829 1480 1856 statt

801 1871 899 1902 deren
939 1881 1013 1901 man
1041 1870 1211 1902 entweder
1235 1869 1412 1902 Pr'adicate
1439 1881 1478 1902 zu

799 1918 858 1957 qui
889 1920 1066 1948 erwartet:
1099 1927 1136 1948 ex
1163 1918 1276 1957 quibus
1308 1934 1353 1938 —
1379 1918 1484 1948 relicti

798 1969 891 1994 erant
915 1966 990 2001 ete,
1016 1965 1043 1994 ie'
1056 1961 1104 1993 od.
1122 1972 1222 2003 quare
1246 1979 1289 1984 -—
1314 1963 1478 2001 habebam,

800 2007 880 2039 oder
922 2008 1202 2048 untergeordnete
1246 2006 1363 2039 S'atze:
1410 2009 1479 2048 qui,

798 2064 868 2084 cum
892 2057 999 2092 primo
1026 2071 1068 2075 —
1087 2055 1192 2085 relicti
1205 2070 1249 2075 —
1267 2055 1364 2085 delati
1381 2059 1480 2085 essent

799 2115 844 2122 -
886 2101 1055 2138 habebant,
1098 2098 1259 2129 w'ahreud
1291 2097 1380 2138 jetzt
1421 2098 1479 2130 der

799 2143 1007 2176 Relativsatz
1052 2144 1157 2176 sowol
1202 2143 1254 2175 die
1280 2143 1477 2175 attributive

799 2190 848 2221 als
889 2190 1116 2232 praedicative
1159 2189 1380 2229 Bestimmung
1420 2189 1477 2221 des

798 2235 971 2276 Subjectes
1011 2236 1076 2266 und
1112 2235 1195 2266 dazu
1230 2235 1314 2267 zwei
1345 2233 1400 2266 fiir
1425 2234 1477 2266 die

798 2280 939 2313 letztere
983 2280 1074 2312 nicht
1121 2281 1281 2323 passeude
1332 2279 1477 2312 Zeitbe-

798 2327 1017 2367 stimmungen
1044 2325 1188 2367 enthiilt,
1226 2325 1426 2358 Aehnliehes
1450 2337 1476 2358 s.

800 2375 830 2409 5,
858 2373 912 2409 43,
942 2375 980 2411 63
1018 2373 1071 2405 23,
1103 2374 1133 2411 7,
1162 2374 1199 2411 63
1226 2371 1268 2402 ib.
1301 2374 1353 2413 17,
1378 2372 1418 2413 9,
1445 2373 1475 2411 3,

799 2420 853 2456 60,
885 2420 933 2450 10.
961 2436 1003 2439 —
1029 2419 1133 2457 delati,
1161 2417 1258 2449 dabei
1276 2417 1320 2449 ist
1346 2429 1379 2449 eo
1404 2421 1478 2449 ent-

798 2464 912 2494 weder
946 2462 1170 2504 ausgefallen,
1209 2463 1288 2495 oder
1322 2462 1400 2494 weil
1435 2465 1481 2494 ibi

798 2509 1019 2550 vorausgeht,
1064 2508 1155 2540 nieht
1191 2506 1245 2540 fiir
1278 2508 1392 2550 niithig
1417 2518 1477 2549 ge-

798 2554 910 2586 hatten
952 2555 1094 2586 worden.
1123 2572 1167 2576 —
1192 2556 1354 2594 impeto-ab.
1385 2555 1477 2586 wiir-
