1747 2841
115 161 199 203 396
473 160 841 195 AUFGENOMMENE
867 160 1183 196 CONIECTUREN.

115 267 156 296 tis
171 265 300 305 finibus
326 264 395 305 W„
426 264 566 297 orientis
589 264 623 296 in
654 264 830 306 (orientis).
881 265 935 305 59,
962 267 989 298 1.
1015 272 1043 298 et
1064 268 1256 306 imperatori
1284 265 1340 300 Fr.
1375 268 1414 307 1.‚
1444 267 1547 311 impe-
1571 286 1573 289 ·

115 310 231 343 ratori.
280 312 335 350 60,
360 312 389 344 6.
416 312 581 343 timuerint
605 310 741 351 Becker,
765 310 956 343 timuerunt.

206 355 403 396 XXXVIII,
432 358 458 396 1,
478 358 509 390 4.
533 367 604 389 cam
622 358 745 389 delectis
766 359 953 389 Aetolorum
971 357 1031 396 A.;
1058 356 1208 390 delectis.
1233 357 1275 389 ib.
1295 365 1341 391 est
1354 360 1457 400 yemis
1476 358 1546 399 w.,

116 405 204 433 esset
222 401 342 442 gentis.
369 404 400 443 2,
422 405 453 436 4.
468 404 638 442 Ethopiam
657 402 727 434 edd.
751 412 818 442 vv„
833 402 1042 445 Aethiopiam
1065 401 1226 445 (Eopam).
1253 407 1283 437 4.
1306 405 1335 437 3.
1349 406 1550 437 Athamania

119 446 312 489 Palmerius,
338 447 537 479 Acarnania.
586 450 616 488 5,
642 450 673 481 2.
697 450 761 481 tria
785 459 880 487 opera
906 447 973 490 W.‚
1000 447 1077 480 tria.
1126 451 1158 488 5,
1185 451 1214 482 5.
1247 456 1276 482 et
1299 453 1469 483 nocturnis
1492 449 1547 482 Fr.

115 495 157 532 2.,
185 493 364 526 nocturnis.
414 496 445 533 5,
473 495 502 528 8.
520 497 721 534 perrupisset
750 493 858 534 Crexa,
891 493 1065 536 erupisset.
1115 497 1146 535 7,
1187 496 1237 529 10.
1269 497 1326 528 sub
1357 502 1445 528 terra
1477 494 1547 536 Gr.,

118 539 178 571 sub
204 544 339 571 terram.
390 542 420 579 7,
450 541 501 573 13.
526 542 639 572 nidore
663 540 734 572 edd.
761 550 828 579 vv„
852 540 986 572 modore
1013 540 1147 579 (odore).
1197 541 1228 579 8,
1253 542 1284 574 2.
1317 543 1549 583 Dolopiamque

115 585 186 617 edd.
213 595 280 624 vv„
305 585 488 628 Dolopiam.
538 588 569 625 9,
592 587 623 619 9.
651 588 724 618 dein
743 606 752 614 «
773 604 782 613 ·
809 588 1045 627 quinquaqinta
1078 585 1100 618 I.
1135 585 1300 624 Perizon.‚
1337 587 1411 619 dein
1449 588 1546 629 quin-

115 630 283 672 quaginta.
326 633 377 672 10,
406 633 433 665 1.
459 633 544 664 abest
561 630 688 672 Gelen.,
709 636 768 664 est.
803 633 855 672 10,
883 634 913 665 4.
939 633 1027 664 Leon
1054 634 1200 665 Hicesiae
1225 633 1297 665 edd.
1324 642 1391 673 vv„
1408 633 1544 673 Becker,

115 676 382 709 Leochicensiae.
435 679 486 718 11,
515 679 543 711 1.
569 680 765 710 condiciones
793 676 919 713 Geleu..
953 677 994 709 ad
1020 677 1239 710 condiciones.
1291 680 1343 720 11,
1369 680 1400 712 9.
1434 681 1547 712 Oenia-

113 725 171 754 dae
193 734 262 756 cum
291 725 367 755 urbe
395 721 520 764 Gelen.‚
547 722 700 756 Aetoliae
725 734 747 755 x
773 723 880 755 urbes.
922 724 973 764 12,
1001 725 1031 757 3.
1057 726 1101 756 ad
1124 735 1241 757 novum
1265 723 1321 756 Fr.
1350 726 1390 765 1.,
1414 735 1545 757 novum.

116 770 169 807 12,
207 771 256 802 10.
290 771 416 801 Hieran
456 771 570 801 Comen
610 767 665 801 Fr.
711 772 750 807 1.,
791 768 949 801 Phileran
993 768 1112 802 Comen
1151 769 1348 809 (Comenen).
1406 771 1458 811 13,
1495 772 1546 803 11.

113 816 335 847 Gordiutichos
368 814 424 848 Fr.
462 817 503 858 1.,
538 815 759 849 Gordiuticos.
820 817 871 856 14,
904 818 944 855 43
969 817 999 849 6.
1034 818 1196 856 Helvium,
1238 818 1375 848 Helvius
1410 815 1464 848 Fr.
1500 817 1545 856 2.,

112 860 284 903 Mulvium,
312 860 470 895 Mulvius.
511 863 561 901 14,
591 864 641 895 10.
667 864 711 894 ad
732 864 881 901 Limnen,
908 872 987 902 quae
1012 861 1207 902 Tillmanns,
1235 861 1464 904 alymnequae.
1493 863 1546 900 15,

115 909 144 940 1.
173 908 377 939 Sindensium
399 906 479 948 Sigu,
508 906 703 939 Iudensium.
757 909 807 948 15,
834 909 864 940 2.
893 908 941 947 [et]
961 914 1092 947 praeter
1123 906 1297 950 Kreyssig,
1334 911 1367 939 et
1399 911 1546 950 praeter.

115 955 167 993 15,
195 953 226 986 3.
251 955 295 984 ad
315 954 414 992 Lysis
439 952 495 985 Fr.
523 955 561 994 1.,
587 953 627 985 ab
654 952 763 995 Lysis.
806 955 857 989 15.
883 955 915 986 4.
940 955 1178 986 Isiondensium
1204 953 1276 985 edd.
1299 963 1369 994 vv.,
1395 952 1544 985 Isiodem.

114 1000 167 1038 15,
195 1001 225 1032 5.
252 1001 434 1031 devertendi
456 998 568 1040 Drak„
595 999 784 1031 revertendi
813 999 1037 1037 (divertendi).
1090 1002 1141 1035 15.
1168 1001 1197 1032 6.
1231 1001 1391 1032 Termesso
1416 998 1544 1036 Gelen.,
1566 1033 1570 1036 ,
1629 1016 1631 1020 -

110 1043 289 1076 Telmesso.
341 1047 392 1083 15,
426 1047 455 1078 9.
490 1046 733 1086 Sayalassenam
767 1044 822 1076 Fr.
866 1047 906 1087 1.‚
941 1045 1190 1078 Acalassenum.
1242 1047 1292 1086 15,
1322 1047 1376 1079 15.
1401 1047 1550 1078 Alandri

110 1090 188 1131 sig„
217 1090 413 1124 Alexandri.
467 1092 517 1129 17,
550 1092 579 1123 6.
616 1102 665 1123 eos
697 1093 773 1122 olim
797 1091 960 1133 fuqerzmt
994 1090 1135 1129 Modius,
1171 1091 1249 1123 olim
1280 1089 1438 1132 fugerunt
1472 1087 1568 1134 (eosv

111 1136 189 1168 olim
214 1135 392 1177 fuderunt).
445 1138 495 1175 17,
527 1138 576 1170 15.
603 1148 710 1169 recens
731 1136 881 1176 Ascens„
907 1137 1059 1170 recentis,
1098 1139 1150 1178 17,
1178 1138 1228 1171 15.
1253 1139 1385 1169 Allartiis
1408 1135 1545 1169 Freins-

108 1182 206 1222 heim,
232 1181 361 1214 Martis.
400 1181 442 1214 ib.
469 1189 592 1215 tantum
615 1186 758 1224 contaqio
785 1181 840 1214 Fr.
867 1184 908 1224 2.,
934 1187 1089 1224 quantum
1113 1182 1278 1223 contagio.
1331 1185 1382 1224 18,
1411 1184 1440 1215 2.
1467 1184 1547 1215 Oro-

109 1231 298 1261 andensium
333 1227 389 1260 Fr.
424 1230 465 1268 2.,
503 1228 773 1261 Oroandensium.
825 1230 876 1268 18,
912 1230 963 1262 10.
999 1230 1155 1260 Gordium
1188 1229 1259 1261 edd.
1286 1238 1353 1268 vv„
1379 1227 1543 1262 Cordium.

112 1276 165 1315 19,
195 1275 224 1306 2.
249 1275 504 1306 Comboiomarus
533 1273 650 1314 Gliick,
678 1274 958 1306 Combolomarus.
1006 1276 1059 1314 20,
1098 1276 1125 1307 1.
1152 1281 1283 1314 possent
1314 1277 1457 1313 lapidum
1488 1273 1543 1306 Fr.

109 1321 151 1362 2.,
176 1320 319 1363 lapidum
344 1324 487 1362 possent.
537 1322 592 1360 20,
628 1325 658 1353 15.
691 1323 790 1362 effusi
823 1319 878 1353 Fr.
909 1322 951 1357 2..
986 1320 1116 1352 effusus.
1167 1320 1221 1360 21,
1259 1322 1285 1353 1.
1320 1327 1347 1352 et
1370 1340 1382 1349 ·
1408 1321 1447 1352 ab
1471 1320 1543 1360 W.,

110 1365 214 1408 Koch,
235 1371 269 1398 et
293 1367 345 1398 ab.
384 1368 438 1405 21,
477 1368 506 1399 6.
541 1373 568 1399 et
602 1373 637 1398 ut
671 1365 820 1406 Crevier,
857 1370 902 1398 ut.
947 1367 1000 1407 21,
1036 1368 1064 1398 7.
1113 1367 1168 1405 21,
1196 1367 1247 1398 11.
1272 1377 1337 1407 qua
1361 1368 1492 1398 evellant
1516 1365 1540 1397 1.

108 1412 270 1453 Ρ611ῑῑοι1.,
299 1422 380 1453 quae
404 1412 542 1444 vellant.
591 1412 633 1443 ib.
665 1415 710 1445 sic
739 1419 805 1444 tum
833 1431 878 1434 —
896 1413 1094 1451 procubuere
1113 1411 1181 1452 W„
1207 1411 1295 1443 sicut
1319 1430 1363 1434 —
1390 1421 1542 1454 procum—

107 1458 236 1491 berent.
286 1459 341 1499 22,
370 1459 399 1491 3.
416 1459 560 1499 suerunt
586 1457 710 1500 Gelen.,
736 1457 879 1490 fuerant.
929 1459 984 1498 23,
1009 1459 1040 1490 2.
1068 1469 1104 1489 ac
1123 1459 1279 1490 debilitati
1300 1456 1371 1496 W.‚
1395 1462 1453 1489 aut
1483 1457 1542 1490 de-

108 1504 245 1536 bilitati.
282 1505 337 1541 24,
368 1507 397 1537 5.
427 1506 608 1545 insequenti
632 1504 703 1536 edd.
722 1504 1011 1546 vv.,insequente.
1049 1505 1102 1537 25.
1127 1506 1155 1537 5.
1177 1506 1308 1536 iactatae
1333 1502 1402 1543 Gr.,
1421 1503 1540 1536 iactae.

106 1552 161 1591 28.
194 1551 223 1583 6.
244 1553 361 1590 populi
390 1568 400 1577 .
430 1553 552 1582 vicenos
577 1549 733 1589 Glarean,
760 1549 908 1591 Madvig,
933 1549 1044 1591 populi
1068 1549 1213 1581 vicenos.
1252 1549 1296 1581 ib.
1329 1551 1442 1582 Cranii
1464 1549 1544 1591 Sig„

108 1596 290 1628 Grannoni.
341 1597 394 1636 30,
429 1597 460 1629 6.
494 1599 630 1628 castellis
654 1598 893 1636 civitatibusque
926 1596 993 1631 W..
1030 1594 1241 1636 castellisque
1267 1596 1381 1637 (quae).
1430 1597 1484 1635 30,
1510 1598 1542 1629 7.

106 1645 181 1675 Lan
197 1641 252 1674 Fr.
272 1643 316 1682 2.,
337 1641 460 1674 Lamia.
495 1644 550 1683 31,
581 1644 606 1674 1.
629 1643 677 1681 [et]
696 1644 816 1674 amisus
832 1641 887 1673 Fr.
911 1643 953 1682 2.,
973 1645 1006 1673 et
1023 1641 1156 1673 amicus.
1195 1643 1249 1682 31,
1276 1643 1305 1674 2.
1326 1643 1394 1673 Las
1412 1640 1542 1683 Gelan„

106 1688 204 1720 Lace.
257 1689 311 1728 32,
340 1690 368 1720 Τ.
395 1690 579 1727 Diophanes
603 1687 682 1730 Sigu,
706 1688 902 1730 Diaphenes.
954 1688 1008 1726 33,
1044 1689 1094 1720 11.
1125 1690 1245 1720 aversis
1280 1687 1352 1718 edd.
1380 1697 1447 1728 vv„
1478 1688 1539 1719 ad-

107 1734 225 1766 versis.
274 1735 330 1775 35,
357 1735 395 1774 2ς
425 1736 474 1767 10.
504 1736 534 1765 C.
562 1736 699 1766 Atinius
722 1733 801 1774 Siga,
828 1733 862 1766 C.
889 1732 1048 1764 Catinius.
1099 1734 1154 1774 35,
1181 1735 1211 1766 6.
1244 1739 1467 1765 accusaverant
1491 1733 1540 1765 ed.

106 1780 204 1821 Mog„
231 1784 473 1812 accusaverunt
505 1780 669 1817 (accusati
705 1781 822 1815 erant).
873 1781 928 1819 37,
948 1781 978 1812 6.
1004 1781 1084 1821 leyes
1097 1778 1151 1810 Fr.
1178 1780 1220 1819 2.,
1245 1779 1361 1820 legem.
1403 1780 1457 1818 37,
1487 1781 1537 1812 10.

101 1828 266 1866 praesidio
290 1828 445 1857 decessum
471 1832 514 1858 est
540 1825 594 1857 Fr.
624 1828 654 1867 2,
687 1825 856 1868 praesidio
891 1826 1058 1857 decessum
1093 1824 1247 1864 (decessit
1283 1824 1448 1866 praesidio
1480 1825 1537 1866 et).

109 1873 162 1907 35.
188 1874 218 1905 4.
245 1874 288 1903 ad
309 1873 424 1912 Halyn
447 1883 569 1903 amnem
604 1872 766 1911 Budaeus,
801 1872 842 1903 ad
875 1870 1014 1903 Tanaim
1045 1870 1233 1913 (achanym)
1269 1880 1404 1902 amnem.
1448 1870 1491 1902 ib.
1519 1883 1540 1902 a

104 1921 183 1950 valle
214 1917 307 1956 Asc.;
341 1927 381 1949 ea
413 1917 513 1950 valle.
563 1919 616 1958 38,
647 1920 676 1951 5.
702 1929 766 1959 qua
786 1924 916 1957 praeter
943 1916 1058 1955 Periz.,
1086 1926 1157 1958 qua.
1182 1916 1225 1948 ib.
1251 1928 1313 1957 quo
1342 1927 1485 1958 quaeque
1511 1915 1538 1951 I.

106 1963 225 2002 Periz.,
262 1973 343 2005 quae.
383 1973 519 2005 quoque.
570 1965 623 1997 38.
652 1965 670 1997 S
704 1966 805 1996 decem
837 1974 930 1994 naves
957 1982 968 1992 .-
990 1983 1001 1992 -
1027 1965 1188 1994 actuarias
1227 1962 1390 2004 Meibom.,
1426 1963 1536 1994 decem

104 2020 206 2042 naves
230 2013 298 2043 act.
341 2008 384 2040 ib.
404 2021 542 2050 quarum
565 2012 657 2041 nulla
675 2013 752 2049 plus
772 2008 928 2047 Schess'er,
952 2008 1040 2039 nulla
1062 2008 1133 2050 plus
1161 2007 1262 2040 (nulla
1283 2018 1418 2049 quarum
1437 2008 1537 2050 plus‘.

105 2057 159 2092 38.
185 2057 216 2089 9.
247 2057 462 2096 Calycadnum
488 2054 654 2093 Glareau.,
681 2055 934 2096 Calycandrum.
983 2056 1037 2094 33,
1079 2055 1127 2087 14.
1161 2056 1358 2086 aestimatum
1390 2061 1435 2086 est
1469 2053 1536 2095 W.,

104 2101 336 2134 aestimatione
365 2101 410 2132 sit
438 2100 663 2142 (exstimatum
690 2101 766 2143 qui).
817 2101 871 2142 38,
909 2102 958 2133 17.
992 2102 1181 2139 disceptanto
1220 2098 1290 2140 Gr,
1323 2099 1538 2142 disceptanda

103 2145 326 2189 (disceptent).
375 2148 429 2188 38,
458 2149 509 2180 lS.
533 2149 731 2179 Mnasilocho
756 2147 869 2185 Drak.,
895 2145 1028 2177 Minima
1062 2145 1238 2187 Symaoho.
1291 2147 1344 2185 39.
1374 2146 1404 2178 S.
1439 2147 1536 2178 Notio

103 2194 174 2226 edd.
199 2203 268 2234 ux,
293 2192 437 2234 Notpho.
486 2192 528 2224 ib.
554 2195 731 2233 Mylasenis
769 2191 837 2235 Gr.,
871 2191 1050 2223 Milesenis.
1099 2193 1152 2226 39.
1186 2193 1235 2224 10.
1262 2190 1433 2223 Rhoeteum
1465 2192 1538 2226 edd.

103 2250 170 2274 vv..
207 2238 389 2270 Rhoetiam.
440 2240 493 2280 39,
533 2241 582 2272 16.
616 2241 813 2279 Lycaoniam
849 2237 1045 2277 Sabellicus,
1080 2236 1292 2280 Lycooniam.
1342 2240 1396 2274 40,
1431 2240 1470 2277 53
1503 2239 1535 2271 6.

104 2287 245 2325 Cypsela.
274 2287 413 2324 Cypselis
437 2283 492 2316 Fr.
521 2286 562 2328 2.,
587 2284 768 2327 Egypseia,
794 2283 946 2326 Gypseis.
1001 2286 1056 2323 41,
1089 2285 1114 2316 l.
1143 2285 1337 2315 Bendidium
1363 2281 1534 2324 Glarean.,

105 2330 314 2362 Mendidium-
357 2332 411 2371 41,
442 2332 472 2363 ὃ.
499 2333 640 2362 Thrausi
664 2330 831 2369 Glareau„
860 2328 990 2361 Transi.
1026 2331 1080 2363 41.
1109 2330 1159 2361 13.
1185 2331 1339 2370 equitibus
1364 2329 1435 2360 edd.
1465 2339 1533 2370 vv„

102 2376 276 2419 peditibus
325 2378 380 2415 42,
409 2378 439 2410 4.
464 2377 623 2416 Crassipes
647 2376 702 2408 Fr.
733 2378 771 2409 1..
799 2375 946 2407 Crassus.
996 2377 1050 2415 42,
1083 2376 1132 2408 11.
1160 2377 1218 2406 M!
1243 2377 1350 2406 Acilio
1384 2374 1462 2415 sig„
1488 2374 1535 2410 M.

102 2422 233 2454 Attilio.
269 2423 324 2462 43,
344 2424 372 2455 5.
400 2425 483 2454 edita
506 2423 628 2454 &scens
644 2449 651 2456 .
678 2422 795 2453 habita
843 2424 898 2460 44,
930 2423 959 2454 4.
980 2423 1129 2460 portoria
1156 2420 1302 2460 Ascensu,
1331 2420 1459 2462 portari
1483 2430 1532 2452 ea.

103 2470 159 2507 45,
186 2470 215 2501 ⁴2.
242 2471 303 2500 ista
331 2479 440 2500 rerum
466 2471 558 2501 etiam
583 2468 697 2500 Drak..
726 2468 789 2499 ista
817 2477 897 2499 vera
925 2466 1024 2498 etiam
1060 2467 1156 2507 (haec
1191 2466 1236 2497 ita
1270 2476 1384 2498 verum
1409 2465 1531 2506 etiam).

103 2515 158 2553 48,
192 2516 223 2547 4.
258 2517 523 2546 immmzitatemve
555 2515 627 2546 edd.
666 2525 733 2547 vx..
762 2512 1008 2544 immunitatem.
1060 2512 1103 2544 ib.
1135 2515 1209 2544 aliis
1240 2514 1370 2554 reetiqal
1404 2511 1530 2551 Gelen.,

103 2559 261 2600 vectigal.
311 2561 364 2597 :19,
395 2561 425 2592 4.
451 2562 577 2592 huicine
602 2558 684 2602 lire}
696 2560 775 2600 ssig.
802 2559 927 2590 huicne.
965 2560 1019 2592 49.
1060 2561 1089 2592 5.
1121 2570 1230 2590 earum
1256 2557 1380 2597 Gelen.,
1408 2567 1531 2589 eorum.

105 2607 159 2646 52,
192 2608 218 2638 1.
244 2608 451 2638 Literninum
469 2606 518 2638 ed.
537 2616 581 2648 xz,
602 2604 729 2645 Gelen„
750 2605 931 2637 Litermuu.
970 2606 1022 2639 52.
1047 2608 1074 2638 b.
1102 2608 1132 2635 si
1148 2603 1202 2636 Fr.
1231 2605 1271 2641 1.,
1290 2607 1326 2635 ut
1347 2604 1386 2638 si.
1425 2604 1479 2642 53,
1500 2605 1535 2636 4.Α
