1747 2841
753 680 914 729 ΤΙΤΙ
958 679 1125 728 LIVI

393 786 458 825 AB
489 755 625 825 URBE'
644 785 860 824 CONmTA
892 783 1148 823 LlssRORUM
1174 782 1474 822 PERIOCHAE.

701 1008 771 1040 EX
802 1007 958 1040 LIBRO
984 1007 1155 1040 XXXV.

315 1097 351 1130 P.
373 1098 482 1141 Scipio
502 1097 680 1130 Africanus
705 1098 837 1139 legatus
866 1097 906 1129 ad
923 1097 1120 1129 Antiochum
1145 1097 1261 1129 missus
1286 1097 1406 1140 Ephesi
1431 1107 1502 1129 cum
1519 1096 1644 1129 Hanni-

226 1144 312 1184 bale,
333 1144 387 1186 qui
405 1154 440 1176 se
457 1144 623 1176 Antiocho
643 1143 852 1182 adiunxerat,
882 1143 1075 1175 conlocutus
1093 1147 1154 1184 est,
1175 1147 1222 1183 ut,
1247 1143 1276 1175 si
1296 1143 1369 1175 fieri
1386 1147 1506 1185 posset,
1523 1147 1643 1175 metum

221 1190 263 1231 ei,
284 1200 376 1232 quem
394 1200 435 1222 ex
453 1190 571 1232 populo
586 1189 732 1222 Romano
751 1193 957 1232 conceperat,
977 1189 1148 1223 eximeret.
1178 1189 1266 1221 inter
1278 1189 1345 1221 alia
1365 1199 1435 1221 cum
1457 1193 1642 1231 quaereret,

223 1245 316 1278 quem
346 1234 447 1268 fuisse
463 1235 639 1267 maximum
658 1235 889 1278 imperatorem
906 1234 1069 1267 Hannibal
1095 1235 1257 1275 crederet,
1287 1235 1468 1277 respondit,
1493 1234 1644 1267 Alexan-

220 1283 313 1313 drum
329 1280 541 1313 Macedonum
556 1291 677 1322 regem,
695 1281 778 1323 quod
797 1291 901 1323 parva
921 1291 1018 1313 manu
1033 1280 1287 1313 innumerabiles
1305 1280 1472 1313 exercitus
1492 1279 1643 1321 fudisset,

220 1327 368 1369 quodque
392 1327 525 1359 ultimas
550 1337 636 1367 oras,
666 1336 746 1368 quas
771 1327 880 1359 visere
907 1337 1006 1369 supra
1031 1336 1119 1368 spem
1145 1327 1318 1358 humanam
1344 1330 1444 1367 esset,
1466 1336 1645 1368 peragras-

160 1400 163 1401 .
219 1377 280 1405 set.
307 1372 477 1415 quaerenti
499 1373 625 1411 deinde,
644 1382 737 1415 quem
753 1372 929 1405 secundum
947 1376 1095 1414 poneret,
1112 1372 1286 1415 Pyrrhum,
1301 1372 1425 1414 inquit,
1443 1377 1554 1404 castra
1575 1382 1644 1404 me-

218 1418 287 1450 tari
310 1418 447 1461 primum
472 1418 630 1457 docuisse,
657 1418 698 1450 ad
725 1418 788 1450 hoc
812 1418 971 1450 neminem
997 1418 1180 1458 elegantius
1205 1418 1279 1450 loca
1312 1417 1449 1460 cepisse,
1479 1418 1644 1460 praesidia

221 1464 427 1506 disposuisse.
474 1464 678 1505 exsequenti,
704 1474 798 1505 quem
822 1463 957 1496 tertium
983 1463 1117 1502 diceret,
1144 1468 1248 1496 semet
1272 1464 1375 1505 ipsum
1396 1463 1491 1495 dixit.
1534 1463 1644 1495 ridens

217 1509 326 1552 Scipio
354 1510 528 1551 „quidnam
553 1514 590 1542 tu
618 1510 756 1550 diceres,
788 1509 817 1542 si
849 1510 924 1542 me“'
955 1509 1062 1551 inquit
1093 1509 1304 1549 ‚‚vicisses‘.“‘
1337 1513 1439 1549 „tunc
1463 1519 1544 1541 vex-o
1568 1509 1643 1541 me“

217 1555 324 1596 inquit
349 1559 407 1595 „et
431 1560 506 1588 ante
530 1555 756 1587 Alexandrum
781 1559 814 1587 et
842 1559 920 1587 ante
944 1554 1109 1597 Pyrrhum
1137 1559 1172 1587 et
1205 1559 1282 1587 ante
1315 1555 1399 1587 alios
1428 1554 1645 1597 posuissem.“

216 1600 305 1632 inter
323 1605 433 1633 cetera
451 1601 611 1643 prodigia,
631 1611 711 1643 quae
728 1601 870 1643 plurima
887 1600 987 1633 fuisse
1002 1601 1189 1641 traduntur,
1211 1601 1328 1633 bovem
1342 1600 1398 1632 Cn.
1412 1600 1548 1632 Domitii
1565 1610 1645 1632 con-

218 1645 300 1678 sulis
317 1646 463 1678 locutam
482 1646 609 1687 „Roma
635 1657 716 1680 cave
743 1646 828 1678 tibi“
850 1645 1005 1679 refertur.
1045 1646 1148 1678 Nabis
1166 1646 1498 1679 Lacedaemoniorum
1522 1650 1644 1689 tyran-

219 1701 278 1723 nus
302 1691 461 1724 incitatus
489 1693 530 1724 ab
554 1692 696 1733 Aetolis,
723 1692 777 1735 qui
802 1697 837 1724 et
864 1691 1048 1735 Philippum
1083 1696 1116 1724 et
1140 1692 1340 1724 Antiochum
1373 1693 1414 1723 ad
1439 1690 1644 1724 inferendum

217 1737 338 1770 bellum
365 1737 484 1781 populo
518 1737 663 1770 Romano
698 1738 938 1777 sollicitabant,
970 1750 1039 1770 cum
1070 1748 1090 1770 a
1113 1738 1231 1781 populo
1256 1737 1402 1770 Romano
1435 1737 1642 1778 descivisset,

217 1782 306 1815 bello
320 1783 480 1816 adversus
496 1783 769 1826 Philopoemenen
789 1784 995 1816 Achaeorum
1015 1788 1202 1826 praetorem
1220 1787 1314 1825 gesto
1333 1783 1373 1815 ab
1392 1783 1520 1815 Aetolis
1537 1783 1643 1815 inter-

219 1826 325 1861 fectus
342 1833 404 1862 est.
438 1829 550 1862 Aetoli
569 1840 693 1871 quoque
710 1830 750 1861 ab
771 1830 919 1861 amicitia
936 1829 1048 1872 populi
1061 1829 1200 1861 Romani
1213 1829 1425 1863 defecerunt:
1443 1839 1514 1861 cum
1530 1831 1645 1870 quibus

218 1874 381 1906 societate
393 1875 506 1907 iuncta
518 1875 701 1907 Antiochus
723 1875 843 1918 Syriae
862 1885 934 1915 rex,
953 1887 1022 1907 cum
1038 1875 1159 1907 bellum
1176 1874 1336 1907 Graeciae
1354 1875 1531 1915 intulisset,
1554 1885 1642 1906 com-
1696 1917 1698 1919 ‚

218 1919 328 1962 plures
352 1920 449 1952 urbes
482 1921 666 1963 occupavit,
701 1921 788 1953 inter
822 1932 901 1963 quas
934 1920 1123 1953 Chalcidem
1163 1925 1197 1953 et
1230 1925 1334 1952 totam
1367 1920 1541 1952 Euboeam.
1591 1930 1644 1952 res

218 1970 392 2007 praeterea
418 1965 450 1997 in
479 1965 652 2008 Liguribus
677 1971 789 2008 gestas
813 1971 847 1999 et
872 1967 1065 2010 adparatum
1093 1967 1173 1999 belli
1197 1967 1238 1998 ab
1262 1966 1428 1998 Antiocho
1454 1965 1610 1998 continet.

687 2146 758 2180 EX
789 2147 948 2179 LIBRO
974 2146 1167 2179 XXXVI.

307 2225 434 2258 Acilius
453 2225 590 2258 Glabrio
608 2227 720 2259 consul
739 2227 937 2258 Antiochum
957 2227 998 2258 ad
1019 2225 1258 2269 Thermopylas
1277 2225 1428 2268 Philippo
1449 2235 1526 2266 rege
1542 2225 1639 2258 adiu-

214 2275 317 2304 vante
349 2272 474 2304 victum
508 2270 649 2303 Graecia
680 2273 819 2315 expulit,
856 2273 1004 2314 idemque
1036 2271 1175 2303 Aetolos
1211 2271 1352 2313 subegit.
1401 2270 1434 2302 P.
1469 2270 1640 2303 Cornelius

216 2315 325 2359 Scipio
342 2316 462 2349 Nasica
487 2318 600 2349 consul
617 2317 728 2350 aedem
745 2319 860 2350 matris
887 2319 990 2356 deum,
1017 2328 1111 2359 quam
1137 2317 1205 2360 ipse
1229 2318 1262 2348 in
1290 2317 1456 2349 Palatium
1480 2317 1640 2349 intulerat

216 2362 270 2393 vir
287 2363 427 2404 optimus
446 2373 465 2395 a
489 2367 606 2395 senatu
630 2362 805 2405 iudicatus,
832 2363 1016 2403 dedicavit3
1044 2363 1192 2404 idemque
1217 2363 1313 2395 Boios
1331 2362 1445 2394 Gallos
1472 2362 1580 2394 victos
1604 2362 1638 2394 iu

216 2408 413 2441 deditionem
430 2408 559 2450 accepit
576 2412 610 2440 et
628 2408 666 2440 de
682 2408 722 2441 iis
736 2409 962 2452 triumphavit.
1005 2413 1179 2451 praetcrea
1202 2409 1338 2440 navalia
1363 2408 1544 2440 certamina
1560 2418 1638 2450 pro-

214 2464 311 2496 spera
333 2455 490 2487 adversus
515 2452 699 2495 praefectos
723 2453 879 2487 Antiochi
905 2454 992 2496 regis
1017 2453 1218 2486 referuntur.
