1747 2841
101 118 129 137 a.
149 109 200 136 Ch.
224 108 284 135 193.
538 107 660 142 LIBER
686 107 833 141 XXXV.
861 107 952 140 CAP.
983 110 1032 142 12.
1054 111 1104 142 13.
1469 108 1522 150 21

104 212 219 252 sociis
246 211 401 257 Aetolis,
432 211 499 262 qui
531 217 611 250 tum
643 211 838 262 graviores
867 211 998 250 hostes
1030 223 1146 261 quam
1173 211 1336 249 Romani
1369 211 1523 258 fuerint,

105 268 248 319 quibus
278 267 433 306 tandem
463 267 608 306 viribus
640 268 818 306 resistere
849 268 1046 307 Romanos
1076 266 1222 317 posse?
1265 267 1447 306 adiciebat
1476 268 1522 307 de
1546 277 1585 308 lt

103 325 202 363 duce
224 323 448 368 Hannibale,
476 330 564 362 nato
589 324 774 362 adversus
790 324 988 363 Romanos
1013 324 1133 365 lioste.
1151 324 1216 373 qui
1238 323 1367 372 plures
1389 330 1425 362 et
1446 324 1520 362 du-

104 392 167 419 ces
199 386 236 418 et
262 380 398 418 milites
430 392 567 418 eorum
599 380 812 425 occidisset,
844 392 961 430 quain
992 386 1087 430 quot
1127 386 1385 429 superessent.
1430 380 1522 418 baec

107 435 287 486 Philippo
316 435 526 481 Nicander;
559 436 627 474 alia
658 436 912 474 Dicaearchus
939 436 1152 481 Antiocho3
1180 443 1215 474 et
1238 435 1414 473 omnium
1440 436 1520 485 pri-
1546 443 1583 473 15

105 504 214 531 inum
243 492 424 542 praedam
456 492 502 530 de
534 492 709 543 Philippo
733 493 1002 531 Romanorum
1038 505 1121 530 esse
1152 492 1291 537 dicere,
1324 492 1521 531 victoriam

103 548 352 593 Aetolorum,
380 555 416 586 et
443 548 587 587 aditum
620 549 659 587 in
681 549 877 587 Graeciam
906 548 1091 587 Romanis
1124 549 1249 585 nullos
1279 548 1372 586 alios
1403 560 1520 599 quain

104 605 260 643 Aetolos
283 605 443 650 dedisse,
465 611 501 643 et
516 605 560 643 ad
575 604 808 643 vincendum
827 605 924 643 vires
941 604 1099 643 eosdem
1116 604 1350 654 praebuisse.
1383 604 1521 643 deinde
1545 607 1583 638 lt}

106 666 268 711 quantas
300 661 473 710 peditum
496 662 749 712 equitumque
773 661 902 711 copias
925 660 1134 711 praebituri
1155 661 1344 699 Antiocho
1369 661 1413 698 ad
1438 661 1520 699 bel-

103 717 186 755 lum
207 724 347 763 essent,
375 730 473 768 quae
495 718 578 756 loca
600 717 845 755 terrestribus
869 718 1001 767 copiis,
1028 730 1127 767 quos
1151 724 1286 767 portus
1310 717 1521 755 maritimis.

106 780 187 811 tum
208 773 255 811 de
277 772 452 824 Philippo
476 780 511 812 et.
531 774 675 812 Nabide
696 773 816 812 libero
841 774 1041 812 mendacio
1067 773 1314 811 abutebatur:
1346 780 1521 823 paratum
1545 782 1582 812 17

103 834 316 879 utrumque
337 831 382 868 ad
407 830 671 869 rebellandum
693 843 788 875 esse,
816 836 851 868 et
874 831 1037 880 primam
1061 842 1255 880 quamque
1277 830 1520 868 occasionem

104 886 345 936 reciperandi
367 900 419 932 ea,
452 900 549 937 quae
574 886 672 925 bello
694 887 922 933 amisissent,
957 893 1193 937 arrepturus.
1232 886 1280 924 ita
1303 899 1371 936 per
1399 893 1520 924 totum
1545 892 1583 924 18

103 942 219 981 simul
250 942 384 981 orbem
418 949 608 981 terrarum
640 944 762 982 Aetoli
794 943 980 982 Immanis
1011 942 1255 981 concitabant
1284 942 1439 980 bellum.
1485 949 1522 981 et

104 1011 212 1049 reges
237 1005 362 1037 tamen
385 1006 450 1037 aut
472 1012 551 1037 non
577 1000 668 1038 moti
690 1006 755 1038 aut
780 1000 923 1038 tardius
945 999 1038 1037 moti
1060 1005 1172 1044 sunt,
1195 999 1310 1037 Nabis
1328 1000 1519 1049 extemplo
1545 1005 1598 1044 13

105 1055 202 1093 circa
237 1056 364 1093 omnis
393 1056 605 1094 maritimos
633 1057 735 1094 vicos
761 1056 904 1094 dimisit
926 1057 971 1094 ad
994 1056 1201 1093 seditiones
1221 1056 1258 1093 in
1283 1055 1327 1093 iis
1352 1056 1519 1094 miscen-

102 1110 183 1157 das,
215 1117 251 1149 et
280 1111 372 1149 alios
405 1112 625 1162 principum
659 1113 772 1151 donis
803 1112 848 1150 ad
877 1125 986 1151 suam
1021 1124 1177 1150 causam
1206 1112 1397 1162 perduxit,
1427 1112 1519 1150 alios

102 1167 348 1217 pertinaciter
373 1168 409 1206 in
436 1169 614 1207 societate
639 1169 813 1207 Romana
838 1169 1028 1207 manentis
1050 1168 1199 1207 occidit.
1243 1168 1404 1206 Achaeis
1433 1181 1520 1206 om-
1542 1180 1560 1212 2

103 1223 212 1262 nium
257 1224 540 1263 maritimorum
584 1225 783 1263 Laconum
824 1225 1060 1263 tuendorum
1093 1237 1112 1262 a
1144 1225 1186 1262 T.
1219 1225 1399 1270 Quinctio
1432 1236 1523 1263 eura

105 1280 282 1319 mandata
303 1287 392 1319 erat.
434 1281 561 1332 itaque
585 1282 777 1332 extemplo
799 1288 835 1320 et
856 1281 900 1319 ad
927 1288 1137 1332 tyrannum
1154 1281 1298 1331 legatos
1322 1281 1522 1319 miserunt.

103 1394 179 1425 her:
196 1403 249 1425 um
259 1393 306 1424 sie
317 1403 356 1424 zu
367 1391 570 1435 bek‘ampfen.
583 1411 625 1415 ——
634 1400 711 1433 tum,
725 1393 776 1425 die

103 1438 178 1471 Zeit
199 1438 327 1479 ergicbt
345 1439 413 1470 sich
436 1449 494 1470 aus
514 1442 574 1480 quz'
586 1441 706 1472 bellum.
734 1457 777 1462 —

896 1390 962 1429 13.
1004 1394 1100 1426 1—3.
1133 1394 1243 1432 Nabis,
1278 1392 1317 1425 N.
1353 1393 1523 1434 dagegen;

845 1441 993 1478 extemplo
1037 1438 1079 1469 ist
1130 1437 1316 1479 Gegensatz
1356 1439 1440 1470 auch
1485 1449 1524 1470 zu

100 1486 242 1524 adicieb„
267 1484 325 1515 das
362 1483 480 1524 object
506 1484 548 1515 ist
577 1485 608 1515 in
637 1485 778 1516 andei-er

102 1529 201 1561 Form
233 1529 282 1561 als
321 1540 360 1560 zu
397 1534 564 1561 erwarten
600 1540 682 1570 war,
721 1531 778 1562 der

103 1575 294 1616 wiehtigste
323 1574 418 1606 Theil
446 1576 617 1607 desselben
648 1576 679 1606 in
707 1576 777 1607 dem

103 1620 329 1653 Relativsatze
348 1621 579 1662 ausgedriickt,
606 1622 672 1662 vgl.
701 1632 726 1653 c,
746 1624 776 1661 ὓ,

103 1667 141 1700 8:
167 1669 204 1698 de
228 1669 359 1705 litterz's;
385 1668 415 1705 2,
441 1668 494 1702 33,
525 1668 562 1699 3:
588 1669 625 1699 de
647 1669 777 1705 duobus,

103 1714 162 1753 qui
175 1713 328 1754 fuerint;
357 1713 411 1747 29,
438 1714 490 1752 21,
514 1713 551 1752 83
578 1714 631 1751 39,
662 1714 711 1751 12,
744 1714 777 1745 1:

103 1760 300 1797 exploratum
326 1760 362 1789 de
389 1759 524 1789 Aebutio
554 1776 590 1781 -
618 1769 683 1790 von
722 1770 779 1790 va-

103 1815 204 1844 num;
229 1805 283 1842 43,
314 1804 363 1842 14,
397 1806 433 1836 7:
467 1806 634 1836 edixerunt
659 1807 695 1836 de
721 1807 778 1836 mi-

101 1850 210 1881 litibus
235 1867 276 1871 —
305 1855 339 1880 uc
371 1860 400 1880 u.
429 1859 458 1880 a.
492 1867 534 1871 —
555 1851 677 1889 plures,
712 1849 778 1890 vgl.

103 1896 158 1933 30,
198 1895 252 1935 28,
287 1897 317 1927 7.
353 1912 396 1917 —
439 1897 512 1926 haec
557 1897 650 1936 Phil„
697 1896 779 1927 ohne

105 1941 196 1977 dixit,
223 1950 248 1971 s.
275 1941 328 1980 21,
360 1942 414 1980 41,
446 1942 503 1981 173
530 1940 571 1972 ib.
594 1943 646 1979 24,
669 1943 688 1974 4
713 1951 778 1974 u.a.

154 1986 295 2019 15—18.
333 1988 398 2017 αἰιά
431 1985 474 2016 im
499 1984 706 2027 Gegensatze
741 1997 781 2018 zu

106 2031 127 2073 ξ
163 2033 221 2064 10:
254 2033 342 2062 haud
371 2034 528 2064 dissimili.
562 2050 607 2054 -—
625 2035 779 2071 praedam

105 2079 152 2117 de,
163 2078 216 2115 45,
232 2077 286 2115 43,
307 2078 362 2116 1ος
378 2079 431 2116 38,
447 2080 500 2117 53,
516 2078 554 2110 3:
568 2079 605 2109 de
618 2078 778 2117 Africano

98 2124 240 2163 palmam
258 2125 424 2165 peteretis3
450 2123 498 2155 sie
523 2122 571 2154 sei
592 2122 689 2154 ihnen
706 2127 781 2155 eut-

105 2176 220 2208 zogen,
263 2168 316 2207 33,
354 2169 407 2207 34,
443 2170 481 2211 Τ;
505 2171 598 2208 virm,
638 2170 691 2207 33,
729 2170 779 2209 11,

106 2214 136 2246 8.
156 2230 201 2236 -
219 2214 314 2244 libero
339 2215 452 2254 mend,
483 2214 522 2245 (la
544 2214 638 2246 beide
666 2214 781 2246 abwe-

104 2258 184 2290 send
202 2267 328 2298 waren,
344 2269 380 2290 so
397 2258 493 2300 logen
511 2259 558 2291 sie
576 2258 679 2291 frisch
695 2269 780 2300 weg,

107 2304 191 2335 ohne
211 2302 283 2334 sich
299 2302 424 2345 Zwang
442 2305 621 2345 anzuthun,
640 2304 707 2346 vgl.
727 2307 780 2345 30,

107 2351 160 2389 32,
187 2349 216 2382 8.
244 2366 288 2370 --
311 2355 339 2381 et
370 2348 486 2392 kniipst
519 2350 583 2381 wie
624 2361 649 2382 e.
684 2352 734 2390 10,
762 2352 780 2383 5

105 2394 164 2426 das
199 2392 434 2426 Unerwartete
465 2405 516 2435 an,
561 2395 631 2427 dem
678 2395 781 2427 durch

104 2446 207 2472 tamen
232 2444 337 2471 etwas
360 2440 508 2473 Anderes
533 2441 781 2482 gegeniiberge-

103 2485 198 2517 stellt
242 2485 338 2525 wir-d,
377 2487 431 2528 33,
468 2488 499 2525 4,
538 2488 567 2520 2.
606 2504 647 2510 —-
684 2489 782 2525 tard„

104 2530 298 2563 Antiochus.

846 1496 909 1516 non
937 1485 979 1515 ini
1006 1483 1209 1523 Vni-hergeh.
1238 1501 1283 1506 -
1315 1486 1430 1524 (ῖι’1ηιέ.,
1460 1483 1523 1515 wie

848 1529 897 1560 ost
928 1532 1048 1561 mittere
1080 1530 1162 1560 ohne
1206 1528 1336 1569 Object,
1379 1529 1523 1561 welches

847 1575 917 1606 sich
942 1586 1000 1606 aus
1026 1575 1097 1606 «lem
1116 1574 1206 1615 Folg.
1229 1574 1369 1615 ergiebt,
1397 1577 1446 1615 10,
1469 1576 1524 1615 29,

852 1623 912 1661 183
954 1623 979 1660 1,
1019 1622 1073 1660 31,
1108 1625 1136 1653 2.
1172 1638 1214 1642 --
1248 1632 1330 1652 omn.
1369 1632 1447 1652 mar.
1485 1623 1523 1653 L.

846 1668 963 1705 mend„
996 1665 1068 1698 hier
1100 1666 1227 1697 sowohl
1262 1666 1310 1698 als
1346 1668 1398 1708 38,
1425 1668 1478 1706 31,
1506 1668 1524 1698 2

847 1712 932 1743 wird
958 1712 1116 1744 bemerkt.
1146 1712 1220 1743 dass
1251 1712 1302 1743 die
1337 1712 1525 1744 lacedaino-

848 1757 981 1789 nischen
1024 1758 1208 1795 Seestiidte,
1250 1768 1275 1789 c.
1315 1759 1365 1793 12,
1400 1760 1430 1797 7,
1466 1767 1524 1789 aus

848 1803 951 1835 ihi-em
1027 1802 1412 1835 Periiikenverh‘ziltnisse
1485 1813 1525 1834 zu

849 1849 968 1891 Sparta
1021 1847 1160 1886 bcfreit,
1208 1849 1272 1880 und
1320 1853 1415 1880 unter
1463 1849 1525 1880 den

850 1894 973 1926 Schutz
992 1895 1049 1927 der
1069 1894 1210 1933 Aehaer,
1232 1894 1334 1926 denen
1352 1894 1400 1926 sie
1422 1893 1526 1925 ihrem

850 1939 1039 1982 Ursprunge
1080 1941 1164 1971 nach
1201 1941 1424 1981 augentii-ten,
1467 1949 1525 1980 ge-

850 1986 945 2017 stellt
971 1986 1063 2029 sind3
1091 1988 1144 2021 34.
1172 1987 1236 2028 353
1262 1985 1303 2016 ib.
1330 1987 1393 2025 363
1425 1986 1479 2024 40,
1506 1986 1525 2017 2

850 2031 893 2063 ist
938 2031 1043 2063 dieses
1084 2031 1175 2062 nicht
1222 2031 1431 2071 angegeben3
1478 2029 1526 2062 sie

850 2077 991 2117 heissen,
1017 2077 1080 2108 wie
1109 2076 1159 2107 die
1194 2076 1329 2116 iibrigen
1364 2075 1526 2107 Griechen

851 2133 877 2154 e.
915 2124 969 2162 23,
1008 2125 1039 2163 5,
1075 2124 1152 2154 socii
1192 2121 1249 2153 der
1290 2120 1417 2161 Ro'mer,
1460 2120 1526 2162 vgl.

851 2166 949 2199 liuha
982 2170 1013 2207 2,
1053 2169 1115 2209 493
1149 2166 1332 2208 Hcrtzberg
1377 2168 1404 2206 1,
1439 2167 1527 2208 296;

852 2215 935 2253 3063
963 2215 1037 2247 501.
1060 2231 1101 2235 --
1124 2214 1281 2244 admoner.
1309 2213 1392 2243 ohne
1411 2211 1526 2243 Aecus.

851 2258 914 2290 wie
943 2258 1001 2298 oft,
1029 2261 1059 2297 2,
1091 2260 1143 2297 36,
1169 2260 1208 2299 ὃς
1242 2259 1273 2297 8,
1308 2259 1361 2297 28,
1393 2260 1423 2296 3,
1459 2256 1525 2298 vgl.

852 2306 905 2343 29,
937 2306 990 2343 24,
1021 2306 1058 2343 3;
1085 2303 1205 2336 ebenso
1242 2302 1375 2335 absolut
1407 2305 1527 2334 demm—

850 2352 975 2381 tiarent.
1014 2367 1046 2371 —-
1083 2360 1205 2389 pacem,
1245 2350 1298 2388 34,
1332 2350 1386 2388 40,
1421 2350 1452 2381 2.
1484 2365 1528 2370 -

850 2398 965 2437 leqatos
998 2396 1068 2428 mis.
1099 2394 1154 2434 ist,
1193 2403 1306 2434 wegen
1345 2394 1399 2425 des
1443 2393 1527 2425 zwi-

850 2439 1130 2481 schengestellten
1144 2442 1265 2471 auxilia
1290 2443 1366 2478 etc„
1384 2438 1528 2471 wieder-

854 2485 934 2518 holt.

902 2527 968 2571 13,
1003 2527 1143 2571 4—-17‚
1178 2532 1207 2563 2.
1248 2529 1527 2571 Verbandlungen
