1747 2841
122 147 150 166 ι.
171 138 224 167 cia.
244 139 302 166 ιω.
570 139 694 173 Limen
719 139 897 174 xxxvii.
934 139 1026 172 CAP.
1053 142 1106 174 56.
1458 141 1544 183 259

123 243 391 289 Telmessium,
423 249 575 293 praeter
595 255 745 294 agrum,
775 243 841 294 qui
861 243 1069 282 Ptolemaei
1089 242 1288 281 Telmessii
1312 244 1448 284 fnisset
1467 258 1541 283 —:

123 300 218 339 haec
245 299 395 345 omnia,
427 311 525 349 quae
553 311 671 350 supra
701 306 794 338 sunt
822 299 982 350 scripta,
1009 299 1089 350 regi
1117 299 1281 338 Eumeni
1312 299 1416 338 iussa
1448 301 1540 339 dari.

120 356 282 396 Rhodiis
300 355 415 407 Lycia
446 356 530 394 data
551 362 656 394 extra
682 356 851 395 eundem
881 356 1124 394 Telmessum
1153 362 1190 394 et
1214 362 1334 394 castra
1365 356 1539 395 Telmes-
1560 368 1579 398 5

121 413 223 452 sium
253 418 291 451 et
313 424 461 463 agrum,
492 412 558 462 qni
579 412 787 451 Ptolemaei
807 412 1008 451 Telmessii
1029 412 1182 451 suisset:
1213 412 1307 451 haec
1331 418 1368 451 et
1388 412 1434 451 ab
1457 413 1537 452 Eu-

122 480 236 507 mene
274 474 311 507 et
349 468 510 507 Rhodiis
552 476 721 520 excepta.
780 481 823 508 ea
863 480 1022 519 quoque
1064 468 1122 507 his
1165 481 1254 519 pars
1285 468 1414 508 Cariae
1443 469 1577 516 data,ss

120 536 220 576 quae
262 525 424 576 propior
454 525 638 564 Rhodum
674 525 840 564 insulam
871 531 976 564 trans
1007 525 1259 563 Maeandrum
1289 538 1444 564 amnem
1471 533 1538 573 est,

120 580 282 632 oppida,
314 581 399 627 vici,
430 582 592 627 castella,
623 582 714 633 agri,
745 583 813 633 qui
843 581 889 620 ad
920 581 1101 620 Pisidiam
1134 588 1309 633 vergunt,
1336 582 1410 621 nisi
1441 595 1538 634 quae

120 649 258 676 eorum
287 638 428 689 oppida
459 639 498 677 in
527 638 697 677 libertate
730 638 893 677 fuissent
921 637 1056 689 pridie,
1088 650 1205 689 quam
1237 651 1327 677 cum
1348 639 1539 678 Antiocho

119 706 209 745 rege
236 694 276 732 in
302 695 390 733 Asia
421 701 636 746 pugnatum
667 700 734 733 est.

230 750 306 789 Pro
342 751 400 790 liis
427 764 517 790 cum
539 752 675 803 gratias
697 751 865 802 egissent
885 750 1038 796 Rhodii,
1062 750 1108 788 de
1131 750 1229 789 Solis
1251 750 1359 797 urhe,
1382 763 1479 802 quae
1499 752 1539 790 in
1560 763 1579 794 7

117 806 244 846 Cilicia
272 813 340 854 est,
369 814 550 859 egerunt:
582 808 694 859 Argis
715 813 752 846 et
770 807 869 852 illos,
900 807 1000 845 sicut
1020 819 1116 853 sese,
1144 807 1333 846 oriundos
1355 820 1460 854 esse3
1491 808 1538 847 ab

117 875 160 902 ea
181 865 431 915 germanitate
454 866 662 903 fraternam
686 863 757 903 sibi
778 876 867 901 eum
888 863 934 902 iis
957 863 1151 902 caritatem
1175 876 1281 909 esse3
1312 870 1442 914 petere
1464 865 1538 903 hoc

116 920 464 959 extraordinarium
493 933 648 967 munus,
680 926 721 959 ut
741 932 824 958 eam
849 919 1039 958 civitatem
1060 932 1106 958 ex
1127 921 1309 958 servitute
1331 921 1433 972 regia
1454 922 1536 960 exi-

118 983 278 1016 merent.
324 977 446 1016 voc-ati
477 983 567 1016 sunt
595 977 705 1028 legati
730 977 830 1027 regis
852 976 1044 1023 Antiochi,
1073 982 1281 1026 actumque
1305 988 1394 1016 cum
1414 977 1460 1016 iis
1481 985 1538 1017 est
1557 985 1576 1018 8

115 1113 260 1151 genannt
291 1110 379 1151 sein,
415 1110 483 1151 vgl.
515 1110 634 1142 Strabo
664 1112 722 1149 14,
761 1112 788 1150 1,

114 1156 157 1188 46
197 1165 226 1197 p.
267 1156 352 1198 650;
396 1154 478 1187 Plin.
529 1158 566 1195 5,
608 1156 669 1195 29,
710 1157 789 1189 105:

113 1202 310 1240 Hydrelitae.
339 1219 381 1224 —
405 1204 448 1233 ad
462 1204 644 1239 Maeandr„
672 1201 722 1233 bis
748 1212 788 1232 an

115 1246 177 1278 den
217 1245 396 1288 Miiander‚
444 1258 480 1279 so
524 1248 598 1278 dass
640 1247 789 1279 derselbe

113 1291 242 1323 siidlich
260 1291 452 1324 dieGrenze
468 1293 582 1331 bildet,
598 1291 668 1324 Pol.
682 1303 709 1324 e
729 1294 789 1326 24:

113 1333 212 1379 πλὴν
254 1340 402 1375 Λικιας
447 1341 509 1371 καὶ
550 1341 694 1383 Καοιάς
743 1351 788 1371 τα

111 1387 250 1429 μέχρι
271 1383 336 1416 τοῦ
350 1379 581 1429 Jvlracizdoot
601 1384 787 1429 ποταμοῦ,

113 1428 170 1460 der
202 1415 344 1461 schmale
377 1428 485 1461 Streit
515 1417 674 1460 no'rdlieh
714 1439 787 1461 vom

112 1472 281 1506 Maander.
305 1491 350 1497 —
385 1477 546 1513 Telmess,
573 1485 599 1506 c.
629 1476 689 1515 16,
728 1476 788 1515 133

112 1519 167 1557 38,
196 1520 250 1561 39,
276 1520 314 1563 3;
346 1521 404 1562 13;
429 1520 548 1552 Strabo
578 1522 629 1561 14,
656 1521 686 1559 3,
713 1523 733 1554 4
758 1531 786 1562 p.

111 1565 195 1598 665:
226 1567 340 1609 Τελεμ
349 1546 476 1608 ησσός,·
500 1565 582 1597 Plin.
599 1569 629 1605 5,
644 1567 697 1606 29,
712 1567 786 1605 102,

111 1609 156 1642 ist
187 1620 253 1642 von
287 1579 366 1643 den]³
387 1615 572 1652 genannten
611 1591 787 1652 Gegenden

110 1655 193 1688 weit
237 1654 401 1697 entsernt,
451 1657 523 1689 eine
570 1655 787 1689 Hiistenstadt

111 1700 273 1744 Lydens,
318 1712 360 1733 an
392 1702 463 1734 (lem
490 1701 578 1741 jetzt
608 1701 689 1734 Golf
721 1713 786 1733 von

109 1745 231 1790 Makry
272 1751 457 1788 genannten
491 1746 689 1780 Meerbusen
730 1746 790 1779 auf

110 1792 216 1824 einem
248 1792 441 1836 Vorsprung
482 1794 537 1825 des
572 1792 719 1835 Kragus,
762 1804 786 1825 s.

110 1837 222 1870 Ritter
247 1839 278 1879 2,
304 1840 369 1872 943
384 1838 434 1878 ff.;
458 1838 618 1871 Eumenes
639 1839 787 1880 gewinnt

110 1893 146 1915 so
179 1883 274 1915 einen
307 1884 487 1926 wichtigen
514 1884 617 1916 Hasen
649 1885 681 1916 in
714 1885 786 1916 dem

109 1928 282 1971 lycischen
323 1929 443 1962 Meere.
490 1948 533 1952 —
573 1932 785 1971 Telmessium,

110 1974 240 2006 scheint
263 1984 378 2016 wegen
403 1978 565 2008 Telmessii
585 1990 630 2002 =
655 1979 786 2010 Telmes-

109 2023 230 2052 eiorum
253 2031 293 2052 zu
315 2022 439 2053 stehen.
455 2023 603 2061 ——Ptol.,
628 2021 672 2053 ist
695 2026 786 2053 sonst

110 2065 204 2097 nicht
231 2065 384 2098 bekannt.
426 2085 470 2089 —
510 2070 640 2099 eundem
673 2070 707 2100 T.
742 2067 786 2099 ist

109 2111 362 2152 ungewiihnlich
396 2116 482 2144 statt
514 2115 658 2153 eandem,
692 2112 785 2145 Neue

111 2159 151 2198 2,
188 2159 263 2190 655.
294 2175 340 2180 ——
369 2159 444 2190 leaeo
479 2161 584 2199 iussa,
630 2159 681 2190 die
714 2158 783 2190 Ab-

110 2202 284 2244 weichung
316 2213 380 2234 von
413 2203 471 2235 der
503 2204 690 2236 Construct.
717 2206 785 2244 Ly-

109 2251 251 2281 caom'am
279 2252 342 2280 etc.
374 2248 420 2280 ist
444 2249 546 2281 durch
571 2250 628 2282 das
655 2260 785 2282 zusam-

109 2292 335 2326 menfassende
354 2296 437 2335 haec,
459 2306 484 2326 s.
507 2297 536 2337 1,
555 2297 608 2334 35,
623 2297 654 2336 6,
681 2300 785 2328 etwas

110 2339 296 2381 gemildert.

158 2387 256 2418 5—6.
284 2387 357 2417 llaec
377 2392 502 2418 et—et
525 2386 664 2427 kiinnen,
689 2396 785 2418 wenn

110 2430 163 2463 ‹lie
200 2431 319 2463 worte
364 2431 486 2472 richtig
525 2431 608 2471 sind,
650 2442 710 2463 nur
749 2442 784 2463 so

110 2476 311 2508 verstanden
344 2477 494 2508 werden:
527 2477 616 2509 diese
647 2477 784 2509 wurden

110 2521 201 2554 eines
225 2521 338 2554 Theils
367 2522 412 2564 (in
450 2522 557 2563 Bezng
590 2521 650 2554 anf
673 2534 786 2564 aqrum

109 2585 152 2590 -—
169 2567 306 2610 fuisset)
324 2567 494 2609 Eumenes,
514 2568 656 2600 anderen
672 2567 784 2600 'rbeils

859 1110 904 1151 (in
931 1110 1038 1151 Bezug
1064 1108 1124 1141 auf
1137 1107 1317 1142 Telmesson
1343 1129 1386 1133 —
1402 1113 1537 1152 futla-set)

860 1156 921 1187 den
956 1155 1123 1187 Rhodiern
1155 1159 1336 1197 entzogen,
1365 1167 1429 1188 von
1455 1158 1536 1199 dem,

861 1211 930 1232 was
944 1201 1042 1233 Beide
1068 1200 1240 1242 erhielten,
1267 1211 1536 1243 ausgenommen3

858 1247 943 1278 doch
969 1246 1011 1277 ist
1035 1247 1094 1278 der
1120 1245 1294 1278 Ausdruck
1329 1247 1418 1280 nicht
1451 1248 1536 1280 klar.

857 1310 901 1315 —
930 1294 968 1324 ab
992 1294 1086 1324 Eum.
1113 1295 1173 1324 etc.
1213 1296 1315 1324 statt:
1351 1304 1416 1325 von
1452 1294 1535 1335 dem,

858 1348 928 1369 was
961 1337 1058 1370 ihnen
1092 1337 1236 1378 gegeben
1280 1339 1410 1378 wurde,
1455 1350 1480 1371 s.
1508 1350 1534 1371 c.

859 1386 912 1423 54,
945 1385 995 1416 12.
1024 1401 1065 1406 —
1093 1390 1120 1415 et
1143 1385 1243 1416 Rhose.
1265 1384 1347 1416 ohne
1367 1387 1405 1417 ab
1429 1396 1455 1417 s.
1482 1387 1536 1425 31,

859 1431 889 1465 5.
917 1431 955 1470 53
981 1430 1042 1469 37,
1070 1431 1107 1465 7,
1144 1431 1183 1462 16
1219 1441 1250 1461 u.
1285 1440 1314 1460 a.
1340 1448 1385 1453 —
1409 1442 1444 1463 ea
1470 1431 1536 1463 und

856 1476 968 1506 Cariae
991 1474 1063 1506 sind
1088 1484 1128 1505 zu
1153 1474 1312 1516 betonen,
1352 1476 1537 1508 deutlicher

858 1520 949 1552 w'zire
995 1522 1104 1552 Cariae
1143 1531 1267 1561 quoque
1310 1532 1343 1553 ea
1374 1533 1466 1562 pars.
1490 1540 1536 1545 —

849 1576 931 1605 pars
953 1565 986 1596 in
1003 1566 1111 1606 Bezug
1132 1565 1191 1597 auf
1211 1566 1273 1598 den
1299 1568 1317 1606 ξ
1345 1568 1364 1600 3
1390 1578 1534 1609 genanu-

856 1615 931 1653 ten,
973 1612 1040 1652 vgl.
1082 1611 1134 1643 die
1170 1611 1274 1643 Stelle
1317 1622 1375 1644 aus
1416 1612 1534 1656 Polyb.

856 1658 874 1696 ξ
900 1658 929 1689 3.
959 1674 996 1679 -
1023 1659 1138 1696 oppida
1158 1675 1200 1679 —
1217 1664 1361 1700 vermem,
1385 1658 1484 1700 wie}
1501 1662 1533 1699 4,

857 1703 916 1734 der
965 1702 1103 1734 &stliche
1154 1701 1270 1745 Thei13
1319 1704 1402 1735 doch
1449 1704 1534 1746 liegt

856 1747 1021 1780 zwischen
1048 1747 1166 1780 Carien
1190 1749 1256 1780 und
1286 1747 1430 1782 Pisidica
1461 1761 1532 1782 zum

856 1793 952 1825 Theil
970 1793 1021 1825 die
1036 1792 1197 1825 Eumenes
1214 1794 1381 1835 gegebene
1397 1795 1533 1838 Milyas,

856 1850 881 1871 s.
912 1841 966 1879 38,
996 1841 1050 1878 39,
1079 1841 1129 1872 16.

903 1887 1023 1918 7—10.
1063 1888 1152 1926 eqz'se.
1189 1903 1235 1908 ———-
1271 1892 1402 1927 efferunt
1441 1887 1532 1918 steht

855 1931 922 1961 wol
965 1930 1162 1962 absichtlich
1200 1930 1233 1961 in
1278 1931 1533 1964 verschiedener

855 1975 1046 2017 Bedeutnng
1071 1977 1173 2008 neben
1199 1976 1530 2017 munden—Solis,

854 2031 879 2054 s.
906 2022 959 2061 33,
988 2023 1043 2063 20,
1061 2024 1093 2060 4,
1115 2032 1154 2053 an
1174 2022 1231 2053 der
1249 2022 1412 2054 o'stlichen
1427 2021 1532 2055 Hiiste

855 2066 1020 2107 Cilicieus,
1046 2068 1205 2099 w'zihrend
1230 2068 1312 2098 nach
1331 2069 1384 2109 38,
1407 2069 1462 2106 39,
1491 2070 1530 2102 17

853 2114 953 2144 sehon
1002 2113 1059 2144 das
1115 2113 1194 2145 weit
1239 2113 1331 2145 mehr
1377 2113 1533 2146 westlich

853 2158 1005 2200 liegende
1034 2157 1248 2201 Pamphylien
1280 2158 1415 2200 streitig
1449 2169 1530 2191 war.

854 2222 898 2226 -—
923 2211 951 2236 ec
976 2221 1020 2227 —
1046 2207 1144 2244 sicut,
1170 2204 1202 2235 in
1227 2203 1374 2245 gleicher
1405 2204 1531 2247 Weise,

855 2249 918 2281 wie
945 2249 1004 2289 sie,
1025 2251 1108 2281 auch
1129 2249 1219 2290 jene‚
1244 2260 1269 2281 s.
1298 2251 1327 2291 7,
1354 2253 1384 2291 5,
1409 2251 1450 2289 9,·
1475 2252 1531 2291 36,

854 2297 909 2335 26,
936 2297 968 2335 2,
996 2295 1062 2336 vgl.
1089 2297 1145 2337 42,
1177 2297 1227 2337 15,
1252 2297 1284 2328 2.
1316 2313 1354 2317 -—
1377 2307 1530 2337 qermcm„

855 2340 906 2373 die
929 2341 1165 2382 Abstammung
1189 2351 1253 2372 von
1277 2341 1427 2382 gleichen
1442 2341 1531 2374 Vor-

855 2385 981 2425 fahren,
1007 2397 1031 2418 s.
1061 2389 1114 2425 40,
1143 2388 1172 2427 8,
1203 2388 1260 2428 103
1285 2387 1451 2428 fraterna,
1478 2387 1531 2419 die

853 2432 1061 2464 briiderliehe
1087 2431 1286 2473 Gesinnuug.
1311 2449 1355 2455 -
1379 2444 1416 2465 esc
1439 2444 1530 2473 serv,

855 2476 925 2510 Pol.
943 2488 968 2509 c
993 2479 1046 2519 24,
1076 2479 1134 2511 12.
1160 2481 1286 2530 τυχεῖν
1311 2477 1445 2516 αὐτοίς
1469 2479 1533 2520 τῆς

856 2524 1068 2569 ἐλειάεοιάς
1126 2520 1199 2556 ὑπὸ
1241 2520 1437 2557 Ῥωμαίων.
1487 2542 1532 2546 -

853 2576 955 2602 actu-m
998 2573 1076 2609 οἵα,
1134 2578 1278 2610 genauer
1305 2559 1383 2601 Pol.
1426 2569 1531 2602 1.1.:

1227 2623 1294 2659 17*
