1747 2841
121 66 205 110 394
476 61 846 97 AUFGENoMnfflNE
872 57 1573 98 01)ιῖ11](’.Το11ΕΝ1Δ
1742 77 1747 112 7

128 173 168 212 1.,
187 168 304 202 media.
332 169 385 209 36,
408 169 439 201 7.
456 170 507 200 rei
520 169 616 200 sionul
640 165 766 206 Gelen.,
794 176 821 198 r.
842 175 881 197 30
907 164 1014 198 simul.
1042 167 1096 206 36,
1116 166 1147 199 9.
1167 167 1366 199 Chalcioecon
1383 143 1664 210 (Okalmoe-ew
1709 168 1711 175 '

126 216 206 255 cwm)
231 214 287 247 Fr.
318 215 359 255 1.,
389 212 593 246 Calehioten.
642 213 697 253 37,
723 214 754 245 7.
782 213 885 244 ,Thoas
908 217 936 244 et
960 210 1109 252 Crevier,
1132 215 1167 243 et
1189 210 1310 244 Thoas.
1358 212 1412 252 38,
1443 213 1478 252 1;
1499 213 1555 254 46,
1559 204 1614 263 {13³5-
1639 211 1669 254 ξ

127 261 316 303 9350,10
346 270 378 291 ιι.
403 269 433 291 a.
481 260 637 299 Micythio
662 256 732 298 G1.,
768 256 909 300 Myctilo
944 254 1145 300 onychino).
1194 258 1248 297 38,
1276 259 1306 291 6.
1349 263 1379 290 et
1412 260 1449 290 in
1470 236 1555 290 ’redd
1570 255 1657 304 ij
1709 268 1711 272 ·

125 318 195 349 vv.,
235 306 642 346 in.39,1.0halc1dico
668 303 748 343 W.
781 302 940 340 calchide.
980 304 1035 345 43,
1059 303 1089 335 3.
1121 305 1208 335 tectis
1238 303 1310 335 edd.
1344 313 1411 344 vv.,
1446 302 1565 336 lectis.
1573 298 1663 339 '25'
1703 321 1706 323 Δ

126 354 182 394 43,
222 354 252 387 8.
289 353 430 384 Phalara
466 351 518 382 ed.
556 349 688 382 Mediol.
728 350 826 390 1505,
866 347 1017 381 Phalera.
1066 349 1121 388 43,
1165 350 1197 382 9.
1238 350 1385 381 Lamiam
1422 347 1476 380 Fr.
1516 351 1556 388 1.,
1585 347 1683 392 222&

127 398 293 431 Lameam.
342 399 396 437 44,
430 397 460 429 2.
485 397 560 437 ficit
586 396 635 427 ed.
668 394 768 436 Mog„
797 393 861 426 fuit
884 393 999 437 primo.
1047 396 1102 433 44,
1137 396 1167 427 5.
1199 396 1279 426 viris
1308 397 1398 436 equis
1428 393 1485 426 Fr.
1511 396 1553 435 2.,
1593 390 1706 431 <³:2¹²

127 444 212 476 viris
250 442 415 485 equisque.
465 444 520 482 46,
558 443 588 474 7.
623 448 707 474 lucas
742 421 864 481 Duker,
896 444 1011 472 tutam.
1060 442 1114 481 47,
1151 441 1181 473 2.
1218 443 1340 480 placuit
1377 439 1557 474 Boeotosl.
1587 430 1663 479 ’1ϊέέῖ

127 488 331 529 Perizonius,
356 487 490 531 placuit.
538 489 593 528 47,
622 489 652 520 5.
678 488 838 527 Apamam
865 485 945 527 Sig.,
969 485 1148 528 Apamiam
1197 487 1252 526 48,
1287 487 1316 519 3.
1350 497 1458 520 averso
1485 486 1555 526 W.,

128 545 277 568 aversos.
326 535 380 575 49,
408 535 436 567 8.
461 535 575 565 Dahas
601 533 673 565 edd
704 532 914 571 u.,Dacas.
956 532 1090 570 49,13.
1120 530 1403 574 dicuntCremer,
1433 532 1555 564 dicant.
1598 528 1670 576 ,ᾖξ’

128 584 183 623 50,
212 582 242 615 8.
267 586 295 612 et
318 581 356 611 ab
382 578 451 619 Gr.,
478 579 529 611 ab.
558 581 612 619 50,
642 580 672 612 9.
700 580 893 610 Hermaeum
918 577 987 619 Gr.,
1015 577 1197 609 Hermeum.
1603 604 1607 613 ‚

217 624 384 665 XXXVI,
415 626 498 665 1,1.
524 623 585 657 M'.
603 605 851 665 'AciliumSig.,
877 623 920 655 Μ.
938 622 1089 655 Acilium.
1127 624 1158 665 2,
1187 625 1214 657 1.
1235 625 1354 656 intento
1373 625 1418 656 ad
1435 623 1555 665 idw„
1607 631 1641 661 ,9-

127 673 169 705 ad
194 671 237 704 id.
270 671 314 703 ib.
343 673 393 704 15.
441 677 468 703 et
499 672 534 702 in
558 669 612 702 Fr.
638 672 681 710 2.,
705 674 742 702 ut
767 669 799 701 in
828 669 894 710 (in).
943 672 974 709 3,
1005 671 1034 702 1.
1059 671 1146 701 etin
1170 669 1219 701 ed.
1248 668 1347 711 Meg„
1372 669 1417 702 in.
1465 671 1497 711 3,
1524 673 1555 703 7

125 720 276 750 nuntiari
315 715 391 757 lin,
438 716 617 748 nuntiaret.
644 716 686 748 ib.
725 716 776 757 13,
824 722 860 748 ut
899 717 926 747 ii
964 715 1013 757 (ut
1054 714 1102 755 hi)
1147 714 1295 756 Crevier,
1342 714 1402 747 uti.
1452 717 1485 756 4,
1530 717 1558 750 1.
1617 732 1638 755 f

128 762 286 806 [Aeqypti
315 763 395 805 reqe]
428 761 498 803 Gr.,
529 761 677 805 Aegypti
709 771 796 802 rege.
843 763 876 801 4,
912 763 940 794 5.
974 763 1115 793 modium
1141 782 1153 792 .
1185 763 1277 793 milia
1315 761 1382 800 W.,
1415 761 1558 793 modium
1627 764 1642 772 ““

128 809 166 842 Ι).
194 808 349 851 (modium
373 807 490 850 mille).
538 810 569 849 4,
595 810 625 841 6.
651 807 802 847 [suorum]
840 818 896 839 suo
913 806 1036 847 Duker,
1073 816 1207 838 suorum
1238 817 1308 839 suo.
1359 810 1389 847 5,
1423 808 1455 840 2.
1487 809 1562 840 Elei
1631 805 1641 813 ”

127 854 323 895 Sabellicus,
357 853 460 886 Pelei.
509 853 552 885 ib.
585 855 797 893 Peloponneso
832 851 886 885 Fr.
929 855 969 892 1.,
1008 851 1241 895 Peloponense.
1291 855 1322 893 5,
1348 854 1380 886 2.
1412 855 1560 886 illaturos
1632 860 1641 869 ⁹

127 903 293 934 credebant
312 900 384 932 edd.
405 910 471 940 W.,
496 899 664 931 illaturos.
715 901 745 939 7,
772 900 800 933 3.
829 901 863 931 in
888 901 1061 931 societatem
1085 900 1158 931 belli
1186 897 1241 930 Fr.
1265 900 1308 939 2.,
1340 898 1421 930 belli
1446 899 1479 931 in
1503 909 1560 931 5ο-

129 947 297 980 cietatem.
346 948 378 985 7,
405 947 435 978 6.
462 948 515 978 cui
536 948 567 977 si
588 945 660 979 edd,
690 955 758 985 vv.,
786 944 840 986 qui
857 944 895 976 si.
930 947 961 985 7,
991 946 1042 978 10.
1068 946 1127 985 qui
1153 947 1233 985 quid
1256 944 1442 982 Douiafius,
1467 944 1559 987 quic·
1632 964 1638 979 2

127 992 215 1035 quid.
265 994 297 1031 7,
327 993 377 1024 13.
392 992 490 1032 ferae
509 989 636 1031 Gelen.,
662 995 699 1022 ut
716 989 817 1022 ferae.
853 993 884 1029 7,
914 992 965 1024 16.
989 992 1129 1023 Romani
1151 990 1222 1022 edd.
1248 1000 1316 1031 vin,
1349 1000 1369 1021 a
1393 990 1562 1025 Romanis.
1632 986 1637 1008 ²

130 1041 184 1080 10,
215 1039 249 1072 2.
273 1039 411 1070 Cierium
436 1037 502 1077 W.,
528 1036 669 1068 Cierum.
723 1038 774 1076 10,
801 1038 839 1076 53
868 1037 919 1076 13,
948 1038 978 1069 4.
1003 1038 1173 1068 Malloeam
1203 1043 1230 1069 el
1262 1038 1405 1077 Cyretias
1428 1036 1485 1071 Fr.
1519 1038 1560 1078 1.,

130 1083 323 1117 Malleolam
369 1087 402 1115 et
439 1082 487 1125 C)
492 1082 619 1114 rethias
679 1082 721 1113 ib.
759 1084 839 1121 cepit
875 1088 904 1114 el
942 1081 1011 1122 W.,
1049 1082 1145 1124 cepit.
1174 1084 1202 1115 7
1236 1089 1343 1122 aperto
1378 1089 1404 1115 el
1437 1082 1560 1123 Duker,

134 1134 280 1173 apertae.
312 1131 364 1168 10,
394 1131 452 1168 10·
481 1130 531 1161 11.
559 1130 689 1161 Gonnos
715 1129 824 1161 Gonni
839 1126 1034 1168 Sabellicus
1061 1127 1191 1160 Gonnos
1217 1127 1330 1160 Conni.
1370 1130 1421 1168 11,
1449 1129 1560 1169 8312,

129 1177 152 1210 4
182 1187 215 1208 u.
248 1186 279 1209 3.
312 1176 533 1207 Mnasilochus
571 1169 747 1228 Rre3ssig,
787 1173 999 1206 Mansiloeus.
1053 1175 1105 1214 11,
1138 1176 1167 1206 9.
1202 1185 1343 1216 quaeque
1368 1174 1424 1206 W.
1431 1199 1438 1214 ,
1477 1184 1560 1216 quae

131 1222 291 1263 (quaeve).
344 1222 396 1259 12,
428 1221 458 1254 8.
484 1223 558 1252 dato
586 1223 616 1252 ei
641 1220 713 1252 edd.
747 1230 817 1261 v.,v
849 1219 925 1251 dato
964 1219 1049 1251 enim
1080 1218 1196 1260 (dato)
1250 1220 1300 1259 13,
1335 1221 1365 1253 3.
1390 1221 1561 1253 Phaestum

129 1266 326 1306 Sabellicus,
365 1266 556 1298 Phaustum.
609 1268 660 1305 14,
698 1267 727 1299 1.
761 1267 880 1307 viqinti
913 1264 988 1304 Gr.,
1023 1265 1142 1297 decem.
1179 1265 1223 1297 ib.
1247 1268 1278 1299 4.
1310 1268 1377 1298 ioco
1414 1265 1562 1308 Aseens,

129 1313 214 1345 loco.
268 1314 319 1355 14,
345 1313 376 1345 6.
414 1314 517 1344 Cierio
544 1311 612 1352 W.,
639 1311 760 1344 Cieria.
813 1313 864 1351 14,
897 1313 947 1344 12.
971 1313 1055 1343 circa
1090 1311 1145 1351 [ea]
1180 1310 1248 1352 Gr.,
1283 1310 1373 1343 circa
1406 1321 1456 1344 ea.
1508 1314 1560 1351 14,

135 1361 185 1393 13.
209 1360 296 1392 misit
324 1357 474 1399 Madvig,
498 1357 598 1389 missi.
635 1359 686 1398 15,
712 1359 743 1391 2.
769 1359 916 1389 lamiam
933 1357 1057 1398 Duker,
1083 1356 1158 1389 iam.
1198 1358 1251 1395 15,
1273 1358 1302 1390 9.
1327 1368 1415 1390 verso
1439 1357 1493 1389 Fr.
1515 1359 1559 1398 2.,

129 1415 240 1437 versa.
292 1406 344 1444 17,
371 1405 401 1437 6.
426 1406 489 1436 iam
513 1406 586 1436 inde
611 1403 757 1443 Ascens.,
787 1403 852 1435 iam
876 1403 944 1435 ille.
998 1405 1048 1444 19,
1075 1405 1106 1436 9.
1131 1405 1231 1445 effuso
1255 1401 1311 1434 Fr.
1338 1405 1380 1446 2.,
1414 1401 1561 1435 confuso.

129 1452 186 1491 20,
211 1452 242 1484 2.
270 1453 306 1483 in
321 1457 435 1490 pacato
463 1450 534 1482 edd.
560 1460 627 1491 vv.,
654 1453 784 1492 pacato.
833 1450 887 1490 20,
915 1452 944 1482 5.
977 1451 1156 1482 Thronium
1188 1448 1384 1492 Sabellicus,
1408 1449 1562 1481 Thoron-

130 1500 212 1529 tum.
259 1496 303 1528 ib.
328 1500 486 1528 Acarnan
511 1495 564 1528 Fr.
597 1498 637 1536 1.,
670 1495 891 1528 Acarnanum.
940 1497 994 1536 21,
1032 1497 1211 1528 LYeomm
1249 1493 1418 1536 Glareau„
1452 1494 1561 1527 Tene-

129 1543 217 1575 dum.
266 1543 320 1581 22,
352 1544 381 1575 7.
410 1544 521 1582 Asopo
556 1540 724 1581 Gna-„ean
761 1541 878 1573 Asoro.
927 1542 982 1581 22,
1019 1543 1050 1574 7.
1087 1543 1126 1573 ab
1157 1552 1228 1573 arce
1254 1539 1325 1581 W,
1350 1551 1468 1573 arcem.
1516 1541 1561 1574 ib.

128 1600 195 1631 qua
219 1587 288 1629 Gr.,
315 1598 408 1630 q.uae
453 1589 506 1628 22,
527 1589 555 1621 8.
576 1599 591 1620 e
610 1589 736 1629 reqione
752 1586 822 1625 W.,
843 1591 876 1619 et
895 1587 1062 1628 regionem
1081 1586 1138 1630 (a)
1173 1587 1216 1619 ib.
1235 1588 1326 1618 sinus
1342 1589 1478 1620 Maliaci
1492 1586 1561 1627 W.,

132 1634 207 1667 sinu
231 1633 389 1666 Malliaco
418 1612 682 1676 (Mellaquoque).
732 1634 786 1673 22,
819 1634 869 1666 11.
894 1635 1026 1673 deserta,
1050 1644 1131 1675 quae
1156 1631 1224 1674 Gr.,
1253 1632 1460 1675 desertaque.
1504 1633 1560 1673 23,

136 1681 187 1714 10.
211 1682 295 1712 velut
319 1682 384 1720 ipsi
410 1691 534 1721 quoque
561 1680 633 1711 edd.
663 1689 727 1720 vv.,
754 1678 848 1711 velut
872 1689 928 1721 spe
953 1679 1016 1710 hac
1048 1678 1154 1718 (selut
1177 1678 1241 1721 ipsi
1263 1679 1336 1719 hoc,
1365 1678 1473 1720 huius,
1490 1679 1561 1720 vgl.

131 1728 188 1767 41,
213 1727 244 1766 2,
274 1727 312 1765 8;
338 1728 369 1765 3,
395 1727 450 1766 66,
477 1724 522 1767 3).
571 1727 624 1765 24,
655 1727 685 1757 2.
712 1727 760 1757 Ti.
788 1726 1010 1764 Sempronium
1035 1724 1115 1766 Sig.‚
1155 1724 1192 1756 T.
1220 1724 1455 1767 Sempronium.
1505 1726 1562 1767 24,

132 1773 355 1805 &semirutos
380 1771 448 1811 W.,
474 1776 588 1803 erutos
612 1770 803 1811 (semiruta).
852 1772 906 1809 24,
933 1773 963 1805 8.
981 1782 1047 1812 par
1071 1771 1145 1803 edd.
1175 1781 1242 1810 vv.,
1275 1780 1364 1812 pars.
1412 1772 1467 1809 24,
1509 1771 1561 1804 12.

128 1818 272 1851 ,traditus
283 1818 367 1859 fuit.
392 1817 479 1857 Ald„
499 1817 660 1849 traditum
677 1815 698 1849 f.
724 1818 779 1857 27,
805 1819 833 1849 7.
850 1823 922 1850 etse
935 1835 978 1840 --
996 1817 1190 1858 adfuturum
1203 1815 1331 1858 Gelen.,
1344 1820 1378 1848 et
1394 1835 1434 1840 —-
1447 1814 1563 1858 profu-

132 1866 251 1895 turum.
299 1865 355 1904 27,
383 1865 412 1897 8.
436 1865 502 1895 illis
529 1863 601 1895 edd.
631 1873 700 1902 vv.,
728 1861 798 1894 illic
826 1862 911 1901 (illi).
958 1864 1013 1905 28,
1038 1864 1069 1896 2.
1094 1865 1129 1895 in
1155 1873 1217 1904 quo
1241 1864 1277 1894 id
1301 1861 1428 1903 Gelen.,
1462 1862 1494 1894 iu
1530 1862 1563 1894 id

132 1909 228 1951 quod.
278 1910 334 1949 28,
360 1910 391 1942 4.
415 1909 509 1941 habeo
533 1915 561 1941 te
584 1907 640 1940 Fr.
667 1910 709 1947 2.,
733 1908 840 1940 habeo
867 1908 917 1948 (te
933 1908 1061 1946 habeo).
1101 1909 1155 1948 28,
1182 1910 1212 1941 9.
1237 1910 1413 1941 conditioni
1435 1906 1564 1948 Gelen.,

131 1954 345 1986 conditionis.
396 1955 450 1995 31,
479 1956 509 1988 2.
532 1957 645 1987 etenim
668 1954 741 1986 edd.
767 1964 834 1993 vv.,
862 1958 904 1986 et.
955 1955 1009 1993 31,
1032 1956 1062 1988 6.
1086 1956 1289 1994 Diophanem
1313 1953 1381 1995 Sig.
1414 1953 1562 1997 Diapha-

134 2010 216 2041 nem,
255 2000 374 2033 ehenso
401 2001 455 2043 31,
482 2003 501 2033 7
525 2012 556 2032 u.
582 2011 608 2032 s.
642 2010 684 2032 w.
718 2001 907 2033 Andaniam
941 1999 995 2032 Fr.
1026 2001 1067 2042 1.,
1091 1999 1285 2032 Endaniam.
1335 2001 1390 2039 32,
1417 2002 1447 2033 7.
1471 2002 1563 2033 Pelo-

125 2048 268 2087 ponnesi
291 2053 366 2079 sum
391 2049 542 2079 terminos
565 2045 621 2078 Fr.
648 2048 690 2085 1.,
713 2044 993 2088 Peloponnensum
1017 2050 1069 2078 est
1092 2045 1245 2077 termino.
1285 2047 1340 2086 33,
1367 2047 1398 2079 3.
1423 2053 1563 2086 expecta-

129 2094 210 2125 bant
232 2091 287 2124 Fr.
312 2094 354 2132 1.,
379 2096 597 2135 expectarent
621 2090 730 2135 (wiell.
755 2091 800 2123 ist
824 2099 984 2132 expectare
1007 2102 1047 2123 zu
1072 2090 1184 2133 lesen).
1233 2093 1288 2130 33,
1313 2094 1344 2125 4.
1378 2093 1470 2124 turba
1497 2098 1565 2125 erat

134 2139 182 2170 ibi
210 2140 372 2171 incondita
400 2137 457 2169 Fr.
482 2140 524 2178 2.,
555 2138 673 2170 turbae
708 2141 804 2170 erant
838 2137 885 2169 ibi
918 2137 1115 2170 inconditae.
1165 2138 1219 2179 33,
1251 2140 1280 2171 5.
1305 2140 1363 2178 qui
1395 2137 1466 2170 edd.
1493 2148 1562 2178 vv.,

133 2183 221 2225 quia.
271 2185 324 2223 34,
350 2186 381 2217 2.
405 2186 461 2216 sed
482 2185 566 2224 [iam]
591 2183 739 2224 Ascens„
765 2183 822 2216 sed
846 2183 921 2216 iam.
963 2185 1016 2224 34,
1043 2185 1074 2217 6.
1100 2186 1268 2225 quicquam
1294 2182 1373 2224 sig„
1400 2182 1563 2225 quidnam.

131 2231 189 2270 35,
216 2231 247 2262 7.
271 2236 373 2262 actum
403 2236 448 2263 est
470 2229 541 2270 W.,
567 2233 677 2261 actum
701 2233 744 2262 et.
783 2231 839 2271 35,
864 2231 894 2262 7.
913 2241 963 2262 res
982 2249 994 2260 «ι
1020 2232 1096 2270 quia
1120 2229 1267 2271 Madvig,
1294 2239 1346 2261 res
1377 2229 1465 2271 quia.
1507 2231 1563 2269 36,

135 2276 168 2308 2.
195 2278 246 2309 uti
268 2278 305 2308 de
331 2274 401 2315 Gr.,
425 2280 462 2307 ut
486 2275 551 2308 ide.
601 2277 655 2315 36,
682 2278 719 2316 43
749 2277 779 2308 6.
807 2277 843 2308 P.
869 2277 1052 2316 Sempronio
1076 2274 1158 2317 sig„
1191 2274 1228 2307 T.
1254 2274 1458 2318 Sempronio.
1506 2277 1562 2315 40,

135 2321 167 2354 2.
202 2323 348 2354 merilwm
378 2320 434 2354 Fr.
462 2323 503 2361 2.,
535 2321 654 2353 merito
684 2321 844 2361 (meritis).
895 2323 948 2362 40,
975 2324 1005 2355 4.
1042 2328 1117 2363 quot
1153 2332 1224 2354 cum
1258 2320 1438 2361 Rubenius,
1480 2320 1565 2362 quod

132 2376 207 2398 cum
233 2366 320 2410 (tot).
368 2368 423 2406 41,
449 2369 480 2400 2.
505 2369 648 2400 dubitare
672 2366 728 2399 Fr.
758 2368 801 2407 2.,
827 2366 1009 2399 dubitabat.
1054 2368 1108 2408 42,
1137 2370 1167 2401 5.
1189 2368 1302 2399 Samen
1327 2366 1407 2408 Sig.,
1433 2365 1564 2398 Samum

134 2411 283 2455 (tamen).
332 2413 386 2453 42,
417 2414 446 2446 8.
471 2415 640 2446 constratis
663 2413 784 2453 Duker,
817 2412 983 2445 rostratis.
1032 2414 1086 2453 43,
1114 2411 1210 2454 2fgg.
1235 2414 1450 2454 Polyxenidas
1489 2412 1562 2445 edd.

135 2468 203 2500 vv.,
230 2457 463 2502 Polyxenides.
511 2461 566 2499 43,
600 2461 629 2493 5.
662 2460 839 2499 superiores
864 2466 892 2492 et
920 2457 1045 2500 Gelen.,
1071 2458 1274 2501 superiorem
1298 2467 1370 2490 esse
1399 2457 1564 2500 (superior

132 2505 244 2545 esset).
300 2506 356 2548 43,
402 2506 452 2539 11.
491 2507 670 2539 ceciderunt
702 2504 774 2537 edd.
812 2515 881 2544 vv.,
922 2504 1119 2537 ceciderant.
1181 2506 1236 2545 43,
1288 2505 1339 2538 12.
1392 2505 1565 2537 Phocaeam
