1747 2841
86 1158 146 1199 42

165 143 247 186 152

578 143 705 176 LIBER
728 142 893 178 XXXVI.
928 142 1020 176 CAP.
1045 145 1100 178 41.
1126 145 1181 183 42,

1443 151 1469 169 a.
1488 150 1517 170 11.
1535 143 1599 170 563.

162 258 259 298 pore
287 246 348 285 vel
377 246 544 285 maxima
572 245 675 297 apud
706 258 838 297 regem
868 245 1075 285 auctoritas
1105 251 1205 293 erat,
1238 246 1358 298 magis
1390 247 1522 286 mirari
1552 260 1594 287 se

162 303 303 350 aiebat,
334 303 441 354 quod
468 315 550 342 non
578 303 655 342 iam
680 302 720 340 in
752 302 841 341 Asia
871 309 1001 341 essent
1028 303 1217 349 Romani,
1256 315 1374 354 quam
1405 309 1594 343 venturos

123 366 144 398 3
165 359 361 399 dubitare:
401 360 565 411 propius
593 372 676 398 esse
705 371 752 398 ex
781 359 937 398 Graecia
962 359 1003 398 in
1034 360 1166 398 Asiam
1195 372 1314 410 quam
1345 372 1392 399 ex
1419 359 1523 400 Italia
1552 361 1594 399 in

165 417 362 456 Graeciam
395 417 575 462 traicere,
608 422 645 455 et
674 416 796 454 multo
826 416 1015 454 maiorem
1039 428 1195 455 causam
1217 416 1455 455 Antiochum
1476 429 1594 467 quam

164 474 323 512 Aetolos
352 485 458 520 6556;
489 484 618 523 neque
648 473 752 511 enim
782 472 879 511 mari
909 472 1041 511 minus
1073 484 1190 522 quam
1220 479 1322 512 terra
1342 473 1487 524 pollere
1509 470 1594 513 Ro-

123 542 146 575 4
165 542 279 568 mana
299 542 418 568 arma.
458 530 535 568 iam
554 529 705 580 pridem
727 530 890 568 classem
913 529 1012 567 circa
1032 529 1193 568 Maleam
1216 541 1322 576 esse3
1353 530 1487 569 audire
1509 542 1596 569 sese
1626 578 1631 582 ἡ

163 598 291 637 nuper
317 598 438 625 novas
464 598 582 624 naves
613 598 842 637 novumque
868 586 1152 638 imperator-um
1182 586 1238 624 rei
1268 586 1459 637 gerendae
1480 599 1594 626 causa

126 657 146 689 5
166 655 213 682 ex
237 642 341 681 Italia
361 642 535 681 venisse:
565 643 695 693 itaque
718 642 911 681 desineret
932 642 1148 681 Antiochus
1168 654 1303 693 pacem
1326 642 1399 681 sibi
1419 644 1503 694 ipse
1525 655 1599 694 spe

166 711 264 738 vana
294 700 433 738 facere.
482 699 523 738 in
554 699 643 738 Asia
671 705 708 738 et
738 699 785 738 de
814 700 897 749 ipsa
917 699 1007 737 Asia
1025 699 1134 737 brevi
1153 704 1257 737 terra
1279 699 1455 749 marique
1476 699 1594 738 dimi-

165 756 334 795 candum
367 756 400 795 ei
425 768 514 794 cum
535 756 722 794 Romanis
747 768 843 801 esse,
875 761 912 794 et
930 762 996 794 aut
1015 755 1226 806 imperium
1248 755 1503 794 adimendum
1525 769 1595 795 or-

124 817 145 849 6
164 812 252 852 bem
276 819 471 852 terrarum
491 812 784 859 adfectantibus,
805 818 870 851 aut
888 812 961 863 ipsi
983 824 1150 863 regnum
1173 812 1440 851 amittendum.
1489 825 1599 852 unus

163 882 255 908 vera
285 875 322 908 et
350 869 558 920 providere
589 875 625 908 et
652 869 815 908 fideliter
844 869 1068 920 praedicere
1093 869 1211 907 visus.
1256 869 1387 920 itaque
1415 870 1498 920 ipse
1524 881 1595 908 rex

164 925 343 974 navibus,
366 938 465 977 quae
486 933 638 977 paratae
658 926 948 977 instructaeque
970 932 1090 973 erant,
1113 925 1405 964 Chersonesum
1424 926 1529 977 petit,
1553 931 1598 965 ut

127 990 147 1022 7
167 995 210 1021 ea
222 983 317 1027 loca,
339 983 371 1021 si
383 984 483 1021 forte
496 988 597 1022 terra
608 983 788 1022 venirent
798 983 976 1029 Romani,
999 982 1405 1033 praesidiisfirma1·et;
1427 990 1594 1021 ceteram

167 1040 329 1078 classem
340 1039 622 1090 Polyxenidam
643 1051 779 1090 parare
799 1046 836 1078 et
855 1039 1048 1077 deducere
1068 1039 1202 1084 iussit3
1225 1039 1500 1089 speculatorias
1521 1051 1597 1078 na-

167 1109 235 1135 ves
266 1095 311 1134 ad
344 1096 474 1134 omnia
501 1096 736 1146 exploranda
768 1096 867 1134 circa
897 1096 1044 1134 insulas
1075 1095 1230 1134 dimisit.

281 1152 320 1191 C.
343 1152 475 1191 Livius
494 1155 713 1203 praefectus
725 1153 923 1192 Romanae
945 1152 1087 1198 classis,
1111 1164 1202 1190 cum
1226 1151 1507 1203 quinquaginta
1523 1164 1599 1191 na·

167 1208 280 1247 vibus
304 1209 412 1248 tectis
434 1211 635 1260 profectus
655 1209 701 1247 ab
721 1210 846 1248 Roma
863 1209 1077 1260 Neapolim,
1100 1220 1177 1259 quo
1202 1208 1248 1247 ab
1273 1208 1386 1247 sociis
1409 1208 1492 1247 eius
1505 1221 1596 1248 orae

166 1266 376 1304 convenire
403 1266 569 1305 iusserat
594 1271 743 1316 apertas
772 1278 910 1312 naves,
951 1277 1050 1316 quae
1076 1277 1122 1303 ex
1152 1265 1310 1303 foedere
1341 1264 1599 1313 debebantur,

126 1331 147 1364 2
166 1322 332 1361 Siciliam
362 1322 452 1361 inde
478 1322 571 1373 petit
601 1324 780 1373 fretoque
807 1323 1026 1361 Messanam
1056 1327 1365 1372 praetervectus,
1407 1333 1498 1361 cum
1528 1334 1597 1361 sex

212 1481 311 1512 3—5.
337 1490 403 1511 non
431 1481 511 1519 iam,
544 1489 569 1511 s.
600 1480 653 1519 30,
686 1481 715 1519 7,
744 1480 772 1512 S.
800 1496 846 1501 —

164 1536 258 1567 quam
299 1526 420 1557 niihert
460 1525 531 1556 sich
571 1525 628 1556 der
659 1523 846 1565 Negation:

163 1573 283 1603 mirari
304 1588 348 1593 —
371 1581 427 1603 nec
451 1573 606 1608 dubitare,
633 1570 737 1601 daher
760 1568 846 1610 folgt

165 1617 251 1648 nach
274 1627 371 1658 quam
396 1618 543 1648 dubitare
567 1615 631 1647 wie
659 1616 744 1647 nach
779 1627 845 1647 ozon

165 1664 318 1702 dubitare,
344 1672 369 1694 s.
399 1664 427 1699 1,
454 1663 508 1696 23,
537 1664 573 1695 7:
598 1663 688 1693 haud
701 1662 843 1701 dubium,

165 1709 219 1748 38,
247 1709 279 1750 6,
309 1709 327 1740 7
354 1719 385 1739 u.
412 1708 455 1741 a.
482 1707 541 1739 der
565 1717 632 1738 acc.
661 1717 687 1738 c.
715 1705 776 1740 inf.
800 1725 844 1729 -—

156 1756 296 1793 propius
322 1753 376 1792 ist,
405 1763 503 1785 weun
523 1752 572 1792 L.,
598 1752 663 1784 wie
688 1751 709 1793 ξ
728 1754 747 1785 6
769 1762 845 1783 ver-

163 1799 295 1830 muthen
330 1799 437 1840 liisst,
477 1809 518 1830 an
560 1798 621 1830 den
646 1797 845 1839 Uebergang

163 1844 245 1876 iiber
286 1845 345 1876 den
384 1843 577 1886 Hellespont
613 1844 732 1884 denkt,
776 1843 845 1883 vgl.

165 1891 219 1930 37,
246 1891 285 1929 9,
312 1892 350 1926 6,
377 1889 410 1921 111
436 1890 494 1921 der
519 1889 740 1930 eigentlichen
766 1889 846 1920 oder

163 1935 254 1967 einer
272 1935 380 1967 dieser
399 1935 617 1967 verwandten
634 1935 845 1975 Bedeutung:

163 1991 198 2013 es
238 1981 294 2021 ist,
332 1981 415 2022 liegt
454 1981 568 2020 niiheI‘,
609 1991 649 2012 zu
688 1981 845 2020 nehmeu3

164 2026 248 2058 doch
269 2026 315 2058 ist
348 2026 400 2058 die
426 2026 613 2058 construet.
639 2026 844 2067 ungeuo'hn-

164 2071 243 2113 lich,
268 2082 343 2104 man
370 2082 445 2113 mag
467 2074 604 2111 propius
629 2071 679 2103 als
697 2071 844 2103 Λᾶν-611).

163 2117 381 2158 1161111611ῒ611,
419 2117 483 2149 wie
509 2118 570 2155 23,
601 2119 664 2158 44,
704 2120 739 2149 1:
776 2128 845 2149 sero

164 2169 207 2195 est
240 2170 360 2196 mutare
392 2175 422 2195 u.
461 2164 509 2203 a„
555 2163 635 2195 oder
676 2162 725 2194 als
755 2162 843 2203 Adj.‚

163 2209 230 2249 vgl.
259 2211 314 2248 21,
343 2211 373 2248 5,
393 2211 451 2250 123
470 2208 554 2241 Stat.
571 2208 672 2241 Theb.
691 2210 742 2248 12,
761 2209 845 2241 223:

156 2257 294 2295 propior
312 2257 428 2295 timeri,
448 2254 667 2286 verschieden
684 2253 728 2286 ist
737 2253 845 2286 Tacit.

162 2300 199 2332 H.
229 2302 260 2341 2,
290 2302 331 2334 76
357 2300 423 2332 1111(1
449 2300 500 2332 (116
518 2300 846 2341 Verbindungprope

161 2352 205 2378 est
223 2352 258 2378 ut
276 2345 311 2379 L.
340 2347 372 2386 2,
397 2347 451 2386 30,
479 2347 517 2386 23
540 2346 584 2378 ih.
610 2347 665 2386 23,
694 2347 735 2379 14
760 2357 792 2378 u.
816 2355 844 2376 a.

162 2409 206 2413 ——
234 2403 371 2431 causam,
399 2402 423 2423 5.
450 2393 504 2432 21,
535 2394 590 2431 21,
624 2393 651 2424 1.
679 2409 721 2414 --
748 2401 848 2432 neque

162 2439 246 2469 enim
285 2441 350 2469 etc.
398 2437 540 2477 kiinnte,
591 2437 752 2468 wahrend
792 2436 845 2468 die

162 2482 262 2514 Siitze
295 2486 432 2522 propius
467 2500 512 2505 —
545 2494 608 2515 esse
640 2482 691 2514 die
717 2481 844 2514 Motive

161 2528 353 2568 enthaltcn,
388 2529 516 2560 welche
549 2529 602 2560 die
635 2528 753 2559 Ro'mer
786 2527 844 2559 be-

160 2573 312 2605 stimmen
355 2574 440 2605 nach
466 2573 567 2606 Asieu
602 2573 843 2615 iiberzugehen,

915 1479 976 1510 (1611
1002 1477 1116 1510 Grund
1142 1476 1361 1518 hinzuffigen,
1396 1487 1523 1510 warum
1547 1478 1597 1511 sie

915 1534 949 1556 es
984 1524 1131 1556 k'ounen:
1175 1523 1223 1555 516
1262 1523 1397 1555 werden
1433 1523 1595 1565 kommen,

915 1570 999 1602 (161111
1023 1587 1067 1592 -
1092 1569 1157 1601 und
1185 1569 1232 1601 sie
1258 1569 1387 1601 konnen
1420 1579 1473 1610 es,
1511 1569 1597 1602 deun

913 1627 944 1647 u.
969 1626 994 1648 s.
1019 1626 1081 1654 ux,
1119 1615 1160 1646 da
1184 1624 1219 1646 es
1241 1613 1363 1655 jedoch
1383 1615 1488 1647 11ὲὶ1161·
1511 1615 1598 1657 liegt

916 1661 968 1693 die
997 1661 1068 1692 drei
1094 1659 1226 1692 Griinde
1251 1660 1285 1691 iu
1310 1660 1460 1701 gleicher
1477 1660 1595 1693 &Veise

914 1705 974 1738 auf
1006 1707 1065 1738 den
1095 1705 1391 1747 vorhergehenden
1417 1705 1597 1739 Gedanken

915 1763 955 1784 zu
981 1752 1158 1792 heziehen,
1185 1761 1220 1782 so
1246 1751 1290 1783 ist
1314 1754 1398 1784 enim
1423 1751 1599 1784 vielleicht

915 1798 1103 1830 verdorben
1132 1796 1244 1836 (Gron.
1284 1807 1385 1829 verm.
1410 1797 1518 1839 etiam)
1545 1799 1596 1832 od.

915 1844 1057 1883 uniit-ht,
1098 1843 1164 1874 und
1208 1853 1242 1874 es
1291 1840 1376 1875 fehlt
1418 1842 1452 1874 in
1505 1843 1600 1876 einer

913 1889 1069 1931 spateren
1094 1888 1147 1920 Hs.
1173 1906 1217 1910 —-
1242 1890 1306 1920 iam
1327 1899 1378 1927 pr.
1405 1906 1451 1912 —
1478 1900 1596 1930 nuper,

913 1945 939 1966 s.
967 1936 1020 1974 35,
1047 1936 1100 1974 22,
1128 1935 1166 1971 23
1192 1933 1234 1965 ib.
1258 1936 1312 1974 37,
1340 1936 1378 1977 3;
1404 1935 1457 1974 36,
1484 1936 1516 1974 2,
1544 1936 1599 1968 14.

915 1997 956 2003 —
972 1983 1061 2021 itaq„
1085 1979 1334 2021 gewtffinlicher
1360 1980 1404 2011 ist
1427 1979 1461 2011 in
1475 1979 1600 2013 diesem

913 2025 940 2057 F
943 2025 1009 2058 alle
1029 2028 1176 2065 proinde,
1206 2028 1233 2065 1,
1257 2027 1288 2065 9,
1319 2027 1350 2059 4.
1482 2024 1513 2038 ²

961 2073 1059 2105 6—7.
1080 2073 1184 2112 fidel„
1213 2070 1400 2111 Gegensatz
1421 2081 1462 2102 zu
1485 2072 1598 2104 adsen-

913 2119 1008 2149 tando
1035 2116 1056 2159 ξ
1087 2119 1114 2158 1,
1141 2116 1205 2148 wie
1231 2128 1307 2149 veo-a
1327 2127 1367 2148 zu
1383 2127 1534 2150 errorem.
1551 2134 1596 2139 —

914 2174 950 2194 ca
966 2165 1042 2203 loca,
1062 2162 1285 2205 Lysimachia,
1300 2162 1424 2203 Sestus,
1438 2162 1601 2205 Abydus3

915 2210 968 2248 37,
997 2210 1050 2248 31,
1077 2210 1116 2248 23
1154 2218 1300 2249 genauer
1331 2208 1412 2251 App.
1447 2208 1469 2240 1.
1502 2207 1524 2240 l.
1552 2225 1598 2231 -—

915 2261 1012 2296 terra,
1038 2253 1105 2295 vgl.
1133 2255 1186 2294 37,
1217 2256 1248 2294 9,
1276 2255 1306 2286 6.
1336 2271 1381 2276 -
1414 2256 1499 2286 circa
1523 2255 1596 2293 im„

914 2310 967 2331 um
982 2317 1023 2322 —
1039 2300 1165 2340 herum,
1192 2300 1289 2331 oder:
1316 2299 1458 2331 nach——
1471 2299 1600 2341 umher,

914 2347 969 2385 42,
997 2347 1051 2385 45,
1085 2346 1113 2378 1.

960 2387 1031 2427 42.
1062 2392 1159 2424 1—2.
1183 2392 1315 2430 Livius,
1348 2400 1376 2423 e.
1403 2391 1422 2423 2
1457 2389 1518 2421 hat
1560 2398 1600 2421 er

914 2437 998 2467 nach
1025 2437 1084 2468 (1611
1103 2436 1302 2468 Annalisten
1321 2446 1382 2468 nur
1399 2436 1441 2469 30
1462 2434 1596 2467 Schiffe.

914 2499 958 2504 --
986 2484 1107 2522 Nam„
1134 2483 1194 2522 35,
1226 2483 1284 2522 16,
1314 2483 1343 2514 8.
1377 2499 1414 2504 -—
1445 2483 1512 2513 eius
1536 2492 1599 2521 or.‚

915 2527 1036 2559 Cumae
1061 2539 1092 2560 u.
1124 2538 1152 2559 a.
1177 2545 1223 2550 —
1249 2539 1287 2559 ea:
1310 2528 1406 2567 foed„
1433 2527 1490 2558 das
1516 2525 1594 2566 jede

914 2573 1063 2605 einzelne
1098 2573 1196 2605 stadt
1227 2573 1331 2605 hatte.
1368 2589 1412 2595 —
1443 2574 1600 2621 Massam,
