<?xml version="1.0" encoding="UTF-8"?>
<!DOCTYPE html PUBLIC "-//W3C//DTD XHTML 1.0 Transitional//EN"
    "http://www.w3.org/TR/xhtml1/DTD/xhtml1-transitional.dtd">
<html xmlns="http://www.w3.org/1999/xhtml" xml:lang="en" lang="en">
 <head>
  <title>
</title>
<meta http-equiv="Content-Type" content="text/html;charset=utf-8" />
  <meta name='ocr-system' content='tesseract 3.04.00' />
  <meta name='ocr-capabilities' content='ocr_page ocr_carea ocr_par ocr_line ocrx_word'/>
</head>
<body>
  <div class='ocr_page' id='page_1' title='image "./aburbeconditalib08livyuoft_0257.png"; bbox 0 0 1747 2841; ppageno 0'>
   <div class='ocr_carea' id='block_1_1' title="bbox 73 132 1056 167">
    <p class='ocr_par' dir='ltr' id='par_1_1' title="bbox 73 132 1056 167">
     <span class='ocr_line' id='line_1_1' title="bbox 73 132 1056 167; baseline 0.004 -5"><span class='ocrx_word' id='word_1_1' title='bbox 73 141 101 160; x_wconf 68' lang='grc' dir='ltr'>ι.</span> <span class='ocrx_word' id='word_1_2' title='bbox 122 132 174 160; x_wconf 84' lang='lat' dir='ltr'>Ch·</span> <span class='ocrx_word' id='word_1_3' title='bbox 198 133 258 159; x_wconf 80' lang='lat'>189·</span> <span class='ocrx_word' id='word_1_4' title='bbox 527 133 650 166; x_wconf 85' lang='lat' dir='ltr'><strong>LIBER</strong></span> <span class='ocrx_word' id='word_1_5' title='bbox 675 133 855 167; x_wconf 81' lang='lat' dir='ltr'><strong>XXXVII.</strong></span> <span class='ocrx_word' id='word_1_6' title='bbox 889 133 981 166; x_wconf 82' lang='lat' dir='ltr'><strong>CAP.</strong></span> <span class='ocrx_word' id='word_1_7' title='bbox 1004 134 1056 167; x_wconf 83' lang='lat'>53.</span> 
     </span>
    </p>
   </div>
   <div class='ocr_carea' id='block_1_2' title="bbox 1412 134 1493 176">
    <p class='ocr_par' dir='ltr' id='par_1_2' title="bbox 1412 134 1493 176">
     <span class='ocr_line' id='line_1_2' title="bbox 1412 134 1493 176; baseline 0.012 -1"><span class='ocrx_word' id='word_1_8' title='bbox 1412 134 1493 176; x_wconf 82' lang='lat'>251</span> 
     </span>
    </p>
   </div>
   <div class='ocr_carea' id='block_1_3' title="bbox 66 235 1558 1644">
    <p class='ocr_par' dir='ltr' id='par_1_3' title="bbox 66 235 1558 1644">
     <span class='ocr_line' id='line_1_3' title="bbox 72 235 1496 289; baseline -0.001 -12"><span class='ocrx_word' id='word_1_9' title='bbox 72 238 224 289; x_wconf 81' lang='lat' dir='ltr'>scripti:</span> <span class='ocrx_word' id='word_1_10' title='bbox 244 237 331 289; x_wconf 91' lang='lat' dir='ltr'>quis</span> <span class='ocrx_word' id='word_1_11' title='bbox 350 237 425 275; x_wconf 89' lang='lat' dir='ltr'>hoc</span> <span class='ocrx_word' id='word_1_12' title='bbox 448 236 547 275; x_wconf 91' lang='lat' dir='ltr'>bello</span> <span class='ocrx_word' id='word_1_13' title='bbox 569 237 714 275; x_wconf 89' lang='lat' dir='ltr'>meritis</span> <span class='ocrx_word' id='word_1_14' title='bbox 736 250 823 288; x_wconf 81' lang='lat' dir='ltr'>erga</span> <span class='ocrx_word' id='word_1_15' title='bbox 845 249 915 276; x_wconf 88' lang='lat' dir='ltr'>vos</span> <span class='ocrx_word' id='word_1_16' title='bbox 936 248 1088 275; x_wconf 87' lang='lat' dir='ltr'>mecum</span> <span class='ocrx_word' id='word_1_17' title='bbox 1111 237 1326 287; x_wconf 83' lang='lat' dir='ltr'>comparari</span> <span class='ocrx_word' id='word_1_18' title='bbox 1339 235 1496 287; x_wconf 77' lang='lat' dir='ltr'>potest?</span> 
     </span>
     <span class='ocr_line' id='line_1_4' title="bbox 73 293 1558 346; baseline -0.001 -13"><span class='ocrx_word' id='word_1_19' title='bbox 73 306 143 346; x_wconf 87' lang='lat' dir='ltr'>ego</span> <span class='ocrx_word' id='word_1_20' title='bbox 164 295 258 333; x_wconf 92' lang='lat' dir='ltr'>nulli</span> <span class='ocrx_word' id='word_1_21' title='bbox 279 293 455 332; x_wconf 91' lang='lat' dir='ltr'>omnium</span> <span class='ocrx_word' id='word_1_22' title='bbox 480 305 607 343; x_wconf 86' lang='lat' dir='ltr'>neque</span> <span class='ocrx_word' id='word_1_23' title='bbox 630 294 866 344; x_wconf 85' lang='lat' dir='ltr'>populorum</span> <span class='ocrx_word' id='word_1_24' title='bbox 882 305 1008 343; x_wconf 88' lang='lat' dir='ltr'>neque</span> <span class='ocrx_word' id='word_1_25' title='bbox 1019 305 1168 343; x_wconf 79' lang='lat' dir='ltr'>regunt,</span> <span class='ocrx_word' id='word_1_26' title='bbox 1190 293 1338 343; x_wconf 85' lang='lat' dir='ltr'>quosin</span> <span class='ocrx_word' id='word_1_27' title='bbox 1353 305 1492 344; x_wconf 82' lang='lat' dir='ltr'>magno</span> <span class='ocrx_word' id='word_1_28' title='bbox 1514 305 1558 336; x_wconf 88' lang='lat'>20</span> 
     </span>
     <span class='ocr_line' id='line_1_5' title="bbox 73 349 1554 400; baseline 0.001 -11"><span class='ocrx_word' id='word_1_29' title='bbox 73 351 224 390; x_wconf 84' lang='lat' dir='ltr'>honore</span> <span class='ocrx_word' id='word_1_30' title='bbox 246 349 402 395; x_wconf 74' lang='lat' dir='ltr'>hahetis,</span> <span class='ocrx_word' id='word_1_31' title='bbox 425 361 503 388; x_wconf 89' lang='lat' dir='ltr'>non</span> <span class='ocrx_word' id='word_1_32' title='bbox 527 350 651 388; x_wconf 78' lang='lat' dir='ltr'>ausim</span> <span class='ocrx_word' id='word_1_33' title='bbox 676 363 737 388; x_wconf 80' lang='lat' dir='ltr'>ine</span> <span class='ocrx_word' id='word_1_34' title='bbox 760 361 996 400; x_wconf 86' lang='lat' dir='ltr'>comparare.</span> <span class='ocrx_word' id='word_1_35' title='bbox 1037 349 1232 388; x_wconf 85' lang='lat' dir='ltr'>Masinissa</span> <span class='ocrx_word' id='word_1_36' title='bbox 1250 349 1372 387; x_wconf 84' lang='lat' dir='ltr'>hostis</span> <span class='ocrx_word' id='word_1_37' title='bbox 1385 349 1493 388; x_wconf 85' lang='lat' dir='ltr'>vobis</span> <span class='ocrx_word' id='word_1_38' title='bbox 1514 360 1554 391; x_wconf 84' lang='lat'>21</span> 
     </span>
     <span class='ocr_line' id='line_1_6' title="bbox 71 405 1493 457; baseline -0.001 -11"><span class='ocrx_word' id='word_1_39' title='bbox 71 413 159 446; x_wconf 87' lang='lat' dir='ltr'>ante</span> <span class='ocrx_word' id='word_1_40' title='bbox 203 419 319 457; x_wconf 83' lang='lat' dir='ltr'>quain</span> <span class='ocrx_word' id='word_1_41' title='bbox 347 406 476 444; x_wconf 80' lang='lat' dir='ltr'>socius</span> <span class='ocrx_word' id='word_1_42' title='bbox 505 406 592 451; x_wconf 75' lang='lat' dir='ltr'>snit,</span> <span class='ocrx_word' id='word_1_43' title='bbox 639 419 710 444; x_wconf 90' lang='lat' dir='ltr'>nec</span> <span class='ocrx_word' id='word_1_44' title='bbox 740 406 924 445; x_wconf 86' lang='lat' dir='ltr'>incolumi</span> <span class='ocrx_word' id='word_1_45' title='bbox 953 418 1074 456; x_wconf 81' lang='lat' dir='ltr'>regno</span> <span class='ocrx_word' id='word_1_46' title='bbox 1102 418 1191 444; x_wconf 84' lang='lat' dir='ltr'>cum</span> <span class='ocrx_word' id='word_1_47' title='bbox 1221 405 1370 444; x_wconf 79' lang='lat' dir='ltr'>auxiliis</span> <span class='ocrx_word' id='word_1_48' title='bbox 1402 407 1493 451; x_wconf 85' lang='lat' dir='ltr'>suis,</span> 
     </span>
     <span class='ocr_line' id='line_1_7' title="bbox 75 462 1493 513; baseline -0.003 -10"><span class='ocrx_word' id='word_1_49' title='bbox 75 464 142 503; x_wconf 87' lang='lat' dir='ltr'>sed</span> <span class='ocrx_word' id='word_1_50' title='bbox 164 463 342 507; x_wconf 81' lang='lat' dir='ltr'>extorris,</span> <span class='ocrx_word' id='word_1_51' title='bbox 364 463 561 513; x_wconf 79' lang='lat' dir='ltr'>expulsus,</span> <span class='ocrx_word' id='word_1_52' title='bbox 581 464 730 501; x_wconf 82' lang='lat' dir='ltr'>amissis</span> <span class='ocrx_word' id='word_1_53' title='bbox 751 462 935 501; x_wconf 83' lang='lat' dir='ltr'>omnibus</span> <span class='ocrx_word' id='word_1_54' title='bbox 958 462 1091 512; x_wconf 80' lang='lat' dir='ltr'>copiis,</span> <span class='ocrx_word' id='word_1_55' title='bbox 1123 475 1210 500; x_wconf 84' lang='lat' dir='ltr'>cuin</span> <span class='ocrx_word' id='word_1_56' title='bbox 1235 469 1361 501; x_wconf 87' lang='lat' dir='ltr'>turma</span> <span class='ocrx_word' id='word_1_57' title='bbox 1382 462 1493 513; x_wconf 86' lang='lat' dir='ltr'>equi-</span> 
     </span>
     <span class='ocr_line' id='line_1_8' title="bbox 75 519 1557 569; baseline 0 -11"><span class='ocrx_word' id='word_1_58' title='bbox 75 527 158 558; x_wconf 91' lang='lat' dir='ltr'>tum</span> <span class='ocrx_word' id='word_1_59' title='bbox 180 520 219 558; x_wconf 92' lang='lat' dir='ltr'>in</span> <span class='ocrx_word' id='word_1_60' title='bbox 243 525 364 558; x_wconf 81' lang='lat' dir='ltr'>castra</span> <span class='ocrx_word' id='word_1_61' title='bbox 387 519 563 569; x_wconf 75' lang='lat' dir='ltr'>confugit</span> <span class='ocrx_word' id='word_1_62' title='bbox 586 526 730 558; x_wconf 81' lang='lat' dir='ltr'>vestra:</span> <span class='ocrx_word' id='word_1_63' title='bbox 753 525 878 558; x_wconf 81' lang='lat' dir='ltr'>tainen</span> <span class='ocrx_word' id='word_1_64' title='bbox 904 531 1007 564; x_wconf 87' lang='lat' dir='ltr'>eum,</span> <span class='ocrx_word' id='word_1_65' title='bbox 1035 519 1123 569; x_wconf 84' lang='lat' dir='ltr'>quia</span> <span class='ocrx_word' id='word_1_66' title='bbox 1144 519 1182 557; x_wconf 92' lang='lat' dir='ltr'>in</span> <span class='ocrx_word' id='word_1_67' title='bbox 1206 519 1332 557; x_wconf 73' lang='lat' dir='ltr'>Africa</span> <span class='ocrx_word' id='word_1_68' title='bbox 1356 519 1494 557; x_wconf 84' lang='lat' dir='ltr'>adver-</span> <span class='ocrx_word' id='word_1_69' title='bbox 1515 527 1557 558; x_wconf 85' lang='lat'>22</span> 
     </span>
     <span class='ocr_line' id='line_1_9' title="bbox 71 575 1493 627; baseline -0.001 -12"><span class='ocrx_word' id='word_1_70' title='bbox 71 589 137 615; x_wconf 87' lang='lat' dir='ltr'>sus</span> <span class='ocrx_word' id='word_1_71' title='bbox 168 576 384 627; x_wconf 81' lang='lat' dir='ltr'>Syphacem</span> <span class='ocrx_word' id='word_1_72' title='bbox 417 583 453 614; x_wconf 85' lang='lat' dir='ltr'>et</span> <span class='ocrx_word' id='word_1_73' title='bbox 478 576 802 627; x_wconf 65' lang='lat' dir='ltr'>Carthaginiensis</span> <span class='ocrx_word' id='word_1_74' title='bbox 835 575 994 613; x_wconf 75' lang='lat' dir='ltr'>fideliter</span> <span class='ocrx_word' id='word_1_75' title='bbox 1026 582 1141 625; x_wconf 89' lang='lat' dir='ltr'>atque</span> <span class='ocrx_word' id='word_1_76' title='bbox 1169 575 1332 626; x_wconf 79' lang='lat' dir='ltr'>impigre</span> <span class='ocrx_word' id='word_1_77' title='bbox 1363 575 1493 613; x_wconf 81' lang='lat' dir='ltr'>vobis-</span> 
     </span>
     <span class='ocr_line' id='line_1_10' title="bbox 71 632 1494 683; baseline 0 -13"><span class='ocrx_word' id='word_1_78' title='bbox 71 644 159 671; x_wconf 87' lang='lat' dir='ltr'>cum</span> <span class='ocrx_word' id='word_1_79' title='bbox 185 633 296 677; x_wconf 85' lang='lat' dir='ltr'>stetit,</span> <span class='ocrx_word' id='word_1_80' title='bbox 317 644 396 670; x_wconf 88' lang='lat' dir='ltr'>non</span> <span class='ocrx_word' id='word_1_81' title='bbox 418 633 456 670; x_wconf 94' lang='lat' dir='ltr'>iu</span> <span class='ocrx_word' id='word_1_82' title='bbox 478 633 645 682; x_wconf 81' lang='lat' dir='ltr'>patrium</span> <span class='ocrx_word' id='word_1_83' title='bbox 671 633 798 671; x_wconf 78' lang='lat' dir='ltr'>solunt</span> <span class='ocrx_word' id='word_1_84' title='bbox 822 643 984 683; x_wconf 75' lang='lat' dir='ltr'>regnum</span> <span class='ocrx_word' id='word_1_85' title='bbox 1007 632 1237 678; x_wconf 71' lang='lat' dir='ltr'>restituistis,</span> <span class='ocrx_word' id='word_1_86' title='bbox 1259 632 1324 670; x_wconf 84' lang='lat' dir='ltr'>sed</span> <span class='ocrx_word' id='word_1_87' title='bbox 1350 632 1494 670; x_wconf 84' lang='lat' dir='ltr'>adiecta</span> 
     </span>
     <span class='ocr_line' id='line_1_11' title="bbox 72 689 1494 740; baseline -0.001 -13"><span class='ocrx_word' id='word_1_88' title='bbox 72 689 364 740; x_wconf 82' lang='lat' dir='ltr'>opulentissima</span> <span class='ocrx_word' id='word_1_89' title='bbox 400 695 506 739; x_wconf 80' lang='lat' dir='ltr'>parte</span> <span class='ocrx_word' id='word_1_90' title='bbox 535 689 721 739; x_wconf 59' lang='lat' dir='ltr'>Syphacis</span> <span class='ocrx_word' id='word_1_91' title='bbox 750 689 858 738; x_wconf 79' lang='lat' dir='ltr'>regui</span> <span class='ocrx_word' id='word_1_92' title='bbox 888 695 1180 738; x_wconf 75' lang='lat' dir='ltr'>praepotentem</span> <span class='ocrx_word' id='word_1_93' title='bbox 1214 689 1312 727; x_wconf 81' lang='lat' dir='ltr'>inter</span> <span class='ocrx_word' id='word_1_94' title='bbox 1345 689 1494 727; x_wconf 78' lang='lat' dir='ltr'>Africae</span> 
     </span>
     <span class='ocr_line' id='line_1_12' title="bbox 70 745 1557 796; baseline -0.002 -12"><span class='ocrx_word' id='word_1_95' title='bbox 70 758 181 796; x_wconf 85' lang='lat' dir='ltr'>reges</span> <span class='ocrx_word' id='word_1_96' title='bbox 206 745 359 784; x_wconf 83' lang='lat' dir='ltr'>fecistis.</span> <span class='ocrx_word' id='word_1_97' title='bbox 392 758 470 796; x_wconf 90' lang='lat' dir='ltr'>qno</span> <span class='ocrx_word' id='word_1_98' title='bbox 496 746 648 784; x_wconf 76' lang='lat' dir='ltr'>tandein</span> <span class='ocrx_word' id='word_1_99' title='bbox 672 745 788 795; x_wconf 75' lang='lat' dir='ltr'>igitur</span> <span class='ocrx_word' id='word_1_100' title='bbox 808 757 879 783; x_wconf 89' lang='lat' dir='ltr'>nos</span> <span class='ocrx_word' id='word_1_101' title='bbox 904 745 1075 795; x_wconf 85' lang='lat' dir='ltr'>praemio</span> <span class='ocrx_word' id='word_1_102' title='bbox 1097 751 1210 795; x_wconf 73' lang='lat' dir='ltr'>atque</span> <span class='ocrx_word' id='word_1_103' title='bbox 1225 745 1375 783; x_wconf 87' lang='lat' dir='ltr'>honore</span> <span class='ocrx_word' id='word_1_104' title='bbox 1387 745 1492 795; x_wconf 83' lang='lat' dir='ltr'>digni</span> <span class='ocrx_word' id='word_1_105' title='bbox 1515 749 1557 781; x_wconf 87' lang='grc'>23</span> 
     </span>
     <span class='ocr_line' id='line_1_13' title="bbox 70 799 1496 853; baseline -0.001 -13"><span class='ocrx_word' id='word_1_106' title='bbox 70 802 171 853; x_wconf 86' lang='lat' dir='ltr'>apud</span> <span class='ocrx_word' id='word_1_107' title='bbox 204 815 273 840; x_wconf 88' lang='lat' dir='ltr'>vos</span> <span class='ocrx_word' id='word_1_108' title='bbox 300 815 460 848; x_wconf 86' lang='lat' dir='ltr'>sumus,</span> <span class='ocrx_word' id='word_1_109' title='bbox 492 803 557 852; x_wconf 82' lang='lat' dir='ltr'>qui</span> <span class='ocrx_word' id='word_1_110' title='bbox 590 814 804 852; x_wconf 56' lang='lat' dir='ltr'>inn‘nquain</span> <span class='ocrx_word' id='word_1_111' title='bbox 834 801 976 847; x_wconf 81' lang='lat' dir='ltr'>hostes,</span> <span class='ocrx_word' id='word_1_112' title='bbox 1005 814 1160 851; x_wconf 84' lang='lat' dir='ltr'>semper</span> <span class='ocrx_word' id='word_1_113' title='bbox 1190 802 1283 839; x_wconf 75' lang='lat' dir='ltr'>socii</span> <span class='ocrx_word' id='word_1_114' title='bbox 1316 799 1496 839; x_wconf 71' lang='lat' dir='ltr'>l&#39;uiinus?</span> 
     </span>
     <span class='ocr_line' id='line_1_14' title="bbox 71 857 1557 910; baseline -0.001 -14"><span class='ocrx_word' id='word_1_115' title='bbox 71 864 189 909; x_wconf 85' lang='lat' dir='ltr'>pater,</span> <span class='ocrx_word' id='word_1_116' title='bbox 221 871 304 910; x_wconf 82' lang='lat' dir='ltr'>eg0,</span> <span class='ocrx_word' id='word_1_117' title='bbox 337 862 474 897; x_wconf 76' lang='lat' dir='ltr'>fratres</span> <span class='ocrx_word' id='word_1_118' title='bbox 498 859 573 897; x_wconf 82' lang='lat' dir='ltr'>inei</span> <span class='ocrx_word' id='word_1_119' title='bbox 597 871 676 896; x_wconf 86' lang='lat' dir='ltr'>non</span> <span class='ocrx_word' id='word_1_120' title='bbox 699 859 737 896; x_wconf 93' lang='lat' dir='ltr'>in</span> <span class='ocrx_word' id='word_1_121' title='bbox 759 858 845 895; x_wconf 81' lang='lat' dir='ltr'>Asia</span> <span class='ocrx_word' id='word_1_122' title='bbox 870 864 1029 903; x_wconf 84' lang='lat' dir='ltr'>tantum,</span> <span class='ocrx_word' id='word_1_123' title='bbox 1061 858 1125 896; x_wconf 89' lang='lat' dir='ltr'>sed</span> <span class='ocrx_word' id='word_1_124' title='bbox 1151 859 1263 896; x_wconf 87' lang='lat' dir='ltr'>etiam</span> <span class='ocrx_word' id='word_1_125' title='bbox 1288 858 1425 908; x_wconf 87' lang='lat' dir='ltr'>procul</span> <span class='ocrx_word' id='word_1_126' title='bbox 1447 857 1493 895; x_wconf 84' lang='lat' dir='ltr'>al)</span> <span class='ocrx_word' id='word_1_127' title='bbox 1514 868 1557 901; x_wconf 83' lang='lat'>24</span> 
     </span>
     <span class='ocr_line' id='line_1_15' title="bbox 71 914 1494 966; baseline -0.001 -13"><span class='ocrx_word' id='word_1_128' title='bbox 71 914 188 953; x_wconf 91' lang='lat' dir='ltr'>domo</span> <span class='ocrx_word' id='word_1_129' title='bbox 216 915 254 953; x_wconf 92' lang='lat' dir='ltr'>in</span> <span class='ocrx_word' id='word_1_130' title='bbox 287 915 560 966; x_wconf 79' lang='lat' dir='ltr'>Peloponneso</span> <span class='ocrx_word' id='word_1_131' title='bbox 592 915 631 952; x_wconf 93' lang='lat' dir='ltr'>in</span> <span class='ocrx_word' id='word_1_132' title='bbox 658 914 814 952; x_wconf 82' lang='lat' dir='ltr'>Boeotia</span> <span class='ocrx_word' id='word_1_133' title='bbox 842 915 881 952; x_wconf 91' lang='lat' dir='ltr'>in</span> <span class='ocrx_word' id='word_1_134' title='bbox 912 915 1077 959; x_wconf 75' lang='lat' dir='ltr'>Aetolia,</span> <span class='ocrx_word' id='word_1_135' title='bbox 1120 914 1286 965; x_wconf 83' lang='lat' dir='ltr'>Philippi</span> <span class='ocrx_word' id='word_1_136' title='bbox 1316 914 1494 952; x_wconf 78' lang='lat' dir='ltr'>Antiochi</span> 
     </span>
     <span class='ocr_line' id='line_1_16' title="bbox 71 971 1558 1024; baseline -0.003 -14"><span class='ocrx_word' id='word_1_137' title='bbox 71 972 242 1010; x_wconf 78' lang='lat' dir='ltr'>Aetolico</span> <span class='ocrx_word' id='word_1_138' title='bbox 264 971 376 1024; x_wconf 78' lang='lat' dir='ltr'>bello,</span> <span class='ocrx_word' id='word_1_139' title='bbox 399 977 497 1010; x_wconf 83' lang='lat' dir='ltr'>terra</span> <span class='ocrx_word' id='word_1_140' title='bbox 521 971 696 1021; x_wconf 80' lang='lat' dir='ltr'>marique</span> <span class='ocrx_word' id='word_1_141' title='bbox 718 983 789 1021; x_wconf 82' lang='lat' dir='ltr'>pro</span> <span class='ocrx_word' id='word_1_142' title='bbox 813 971 921 1009; x_wconf 80' lang='lat' dir='ltr'>vobis</span> <span class='ocrx_word' id='word_1_143' title='bbox 947 983 1052 1009; x_wconf 85' lang='lat' dir='ltr'>arma</span> <span class='ocrx_word' id='word_1_144' title='bbox 1077 971 1245 1009; x_wconf 85' lang='lat' dir='ltr'>tulimus.</span> <span class='ocrx_word' id='word_1_145' title='bbox 1287 971 1379 1021; x_wconf 89' lang='lat' dir='ltr'>quid</span> <span class='ocrx_word' id='word_1_146' title='bbox 1402 983 1494 1021; x_wconf 82' lang='lat' dir='ltr'>ergo</span> <span class='ocrx_word' id='word_1_147' title='bbox 1514 974 1558 1006; x_wconf 79' lang='grc'>25</span> 
     </span>
     <span class='ocr_line' id='line_1_17' title="bbox 69 1026 1494 1078; baseline -0.001 -12"><span class='ocrx_word' id='word_1_148' title='bbox 69 1026 275 1078; x_wconf 71' lang='lat' dir='ltr'>postulas?</span> <span class='ocrx_word' id='word_1_149' title='bbox 305 1028 404 1066; x_wconf 83' lang='lat' dir='ltr'>dicat</span> <span class='ocrx_word' id='word_1_150' title='bbox 433 1028 582 1077; x_wconf 82' lang='lat' dir='ltr'>aliquis.</span> <span class='ocrx_word' id='word_1_151' title='bbox 633 1040 715 1078; x_wconf 80' lang='lat' dir='ltr'>ego,</span> <span class='ocrx_word' id='word_1_152' title='bbox 746 1034 873 1077; x_wconf 76' lang='lat' dir='ltr'>patres</span> <span class='ocrx_word' id='word_1_153' title='bbox 905 1028 1127 1077; x_wconf 75' lang='lat' dir='ltr'>conscripti,</span> <span class='ocrx_word' id='word_1_154' title='bbox 1160 1028 1344 1077; x_wconf 82' lang='lat' dir='ltr'>quoniam</span> <span class='ocrx_word' id='word_1_155' title='bbox 1367 1027 1494 1065; x_wconf 80' lang='lat' dir='ltr'>dicere</span> 
     </span>
     <span class='ocr_line' id='line_1_18' title="bbox 72 1083 1495 1135; baseline -0.001 -13"><span class='ocrx_word' id='word_1_156' title='bbox 72 1085 203 1135; x_wconf 86' lang='lat' dir='ltr'>utique</span> <span class='ocrx_word' id='word_1_157' title='bbox 226 1084 443 1123; x_wconf 78' lang='lat' dir='ltr'>volentibus</span> <span class='ocrx_word' id='word_1_158' title='bbox 468 1083 577 1122; x_wconf 77' lang='lat' dir='ltr'>vobis</span> <span class='ocrx_word' id='word_1_159' title='bbox 598 1084 815 1134; x_wconf 77' lang='lat' dir='ltr'>paremluin</span> <span class='ocrx_word' id='word_1_160' title='bbox 837 1090 905 1130; x_wconf 81' lang='lat' dir='ltr'>est,</span> <span class='ocrx_word' id='word_1_161' title='bbox 926 1084 956 1123; x_wconf 88' lang='lat' dir='ltr'>si</span> <span class='ocrx_word' id='word_1_162' title='bbox 980 1097 1049 1122; x_wconf 76' lang='lat' dir='ltr'>vos</span> <span class='ocrx_word' id='word_1_163' title='bbox 1073 1096 1113 1122; x_wconf 89' lang='lat' dir='ltr'>ea</span> <span class='ocrx_word' id='word_1_164' title='bbox 1129 1091 1256 1122; x_wconf 80' lang='lat' dir='ltr'>niente</span> <span class='ocrx_word' id='word_1_165' title='bbox 1269 1085 1365 1121; x_wconf 86' lang='lat' dir='ltr'>ultra</span> <span class='ocrx_word' id='word_1_166' title='bbox 1378 1084 1495 1122; x_wconf 85' lang='lat' dir='ltr'>Tauri</span> 
     </span>
     <span class='ocr_line' id='line_1_19' title="bbox 69 1141 1493 1192; baseline -0.001 -13"><span class='ocrx_word' id='word_1_167' title='bbox 69 1141 156 1192; x_wconf 81' lang='lat' dir='ltr'>iuga</span> <span class='ocrx_word' id='word_1_168' title='bbox 184 1141 342 1180; x_wconf 84' lang='lat' dir='ltr'>emostis</span> <span class='ocrx_word' id='word_1_169' title='bbox 361 1141 611 1187; x_wconf 85' lang='lat' dir='ltr'>Antiochum,</span> <span class='ocrx_word' id='word_1_170' title='bbox 636 1147 677 1178; x_wconf 85' lang='lat' dir='ltr'>ut</span> <span class='ocrx_word' id='word_1_171' title='bbox 696 1141 769 1191; x_wconf 82' lang='lat' dir='ltr'>ipsi</span> <span class='ocrx_word' id='word_1_172' title='bbox 793 1141 971 1179; x_wconf 84' lang='lat' dir='ltr'>teneretis</span> <span class='ocrx_word' id='word_1_173' title='bbox 993 1153 1055 1179; x_wconf 82' lang='lat' dir='ltr'>eas</span> <span class='ocrx_word' id='word_1_174' title='bbox 1077 1146 1209 1187; x_wconf 84' lang='lat' dir='ltr'>terras,</span> <span class='ocrx_word' id='word_1_175' title='bbox 1233 1141 1358 1179; x_wconf 84' lang='lat' dir='ltr'>nullos</span> <span class='ocrx_word' id='word_1_176' title='bbox 1379 1152 1493 1179; x_wconf 81' lang='lat' dir='ltr'>acco-</span> 
     </span>
     <span class='ocr_line' id='line_1_20' title="bbox 68 1197 1557 1248; baseline 0 -13"><span class='ocrx_word' id='word_1_177' title='bbox 68 1197 122 1236; x_wconf 82' lang='lat' dir='ltr'>las</span> <span class='ocrx_word' id='word_1_178' title='bbox 144 1209 215 1236; x_wconf 83' lang='lat' dir='ltr'>nec</span> <span class='ocrx_word' id='word_1_179' title='bbox 237 1197 422 1236; x_wconf 84' lang='lat' dir='ltr'>finitimos</span> <span class='ocrx_word' id='word_1_180' title='bbox 447 1197 586 1235; x_wconf 83' lang='lat' dir='ltr'>habere</span> <span class='ocrx_word' id='word_1_181' title='bbox 607 1209 723 1248; x_wconf 85' lang='lat' dir='ltr'>quam</span> <span class='ocrx_word' id='word_1_182' title='bbox 758 1210 826 1235; x_wconf 82' lang='lat' dir='ltr'>vos</span> <span class='ocrx_word' id='word_1_183' title='bbox 854 1198 966 1243; x_wconf 83' lang='lat' dir='ltr'>malo,</span> <span class='ocrx_word' id='word_1_184' title='bbox 995 1210 1066 1235; x_wconf 83' lang='lat' dir='ltr'>nec</span> <span class='ocrx_word' id='word_1_185' title='bbox 1099 1197 1172 1235; x_wconf 83' lang='lat' dir='ltr'>ulla</span> <span class='ocrx_word' id='word_1_186' title='bbox 1203 1210 1243 1235; x_wconf 88' lang='lat' dir='ltr'>re</span> <span class='ocrx_word' id='word_1_187' title='bbox 1275 1197 1343 1235; x_wconf 81' lang='lat' dir='ltr'>alia</span> <span class='ocrx_word' id='word_1_188' title='bbox 1374 1197 1494 1236; x_wconf 88' lang='lat' dir='ltr'>tutius</span> <span class='ocrx_word' id='word_1_189' title='bbox 1514 1210 1557 1242; x_wconf 76' lang='lat'>26</span> 
     </span>
     <span class='ocr_line' id='line_1_21' title="bbox 68 1253 1556 1305; baseline 0 -13"><span class='ocrx_word' id='word_1_190' title='bbox 68 1253 319 1304; x_wconf 82' lang='lat' dir='ltr'>stabiliusque</span> <span class='ocrx_word' id='word_1_191' title='bbox 341 1266 506 1305; x_wconf 83' lang='lat' dir='ltr'>regnum</span> <span class='ocrx_word' id='word_1_192' title='bbox 528 1266 659 1292; x_wconf 83' lang='lat' dir='ltr'>meum</span> <span class='ocrx_word' id='word_1_193' title='bbox 684 1256 859 1292; x_wconf 76' lang='lat' dir='ltr'>futurum</span> <span class='ocrx_word' id='word_1_194' title='bbox 882 1266 1017 1304; x_wconf 79' lang='lat' dir='ltr'>spe¹¹03</span> <span class='ocrx_word' id='word_1_195' title='bbox 1042 1253 1107 1292; x_wconf 91' lang='lat' dir='ltr'>sed</span> <span class='ocrx_word' id='word_1_196' title='bbox 1130 1255 1161 1292; x_wconf 87' lang='lat' dir='ltr'>si</span> <span class='ocrx_word' id='word_1_197' title='bbox 1184 1253 1294 1292; x_wconf 76' lang='lat' dir='ltr'>vobis</span> <span class='ocrx_word' id='word_1_198' title='bbox 1307 1254 1494 1292; x_wconf 86' lang='lat' dir='ltr'>decedere</span> <span class='ocrx_word' id='word_1_199' title='bbox 1513 1269 1556 1300; x_wconf 82' lang='lat'>27</span> 
     </span>
     <span class='ocr_line' id='line_1_22' title="bbox 67 1310 1492 1361; baseline -0.001 -12"><span class='ocrx_word' id='word_1_200' title='bbox 67 1310 158 1349; x_wconf 88' lang='lat' dir='ltr'>inde</span> <span class='ocrx_word' id='word_1_201' title='bbox 177 1317 291 1361; x_wconf 83' lang='lat' dir='ltr'>atque</span> <span class='ocrx_word' id='word_1_202' title='bbox 315 1311 507 1349; x_wconf 80' lang='lat' dir='ltr'>deducere</span> <span class='ocrx_word' id='word_1_203' title='bbox 529 1311 720 1349; x_wconf 85' lang='lat' dir='ltr'>exercitus</span> <span class='ocrx_word' id='word_1_204' title='bbox 741 1311 781 1348; x_wconf 92' lang='lat' dir='ltr'>in</span> <span class='ocrx_word' id='word_1_205' title='bbox 803 1310 933 1347; x_wconf 82' lang='lat' dir='ltr'>aniino</span> <span class='ocrx_word' id='word_1_206' title='bbox 957 1317 1025 1356; x_wconf 82' lang='lat' dir='ltr'>est,</span> <span class='ocrx_word' id='word_1_207' title='bbox 1056 1310 1252 1348; x_wconf 85' lang='lat' dir='ltr'>neminem</span> <span class='ocrx_word' id='word_1_208' title='bbox 1276 1310 1492 1361; x_wconf 82' lang='lat' dir='ltr'>digniorem</span> 
     </span>
     <span class='ocr_line' id='line_1_23' title="bbox 72 1366 1492 1417; baseline 0 -12"><span class='ocrx_word' id='word_1_209' title='bbox 72 1379 155 1405; x_wconf 86' lang='lat' dir='ltr'>esse</span> <span class='ocrx_word' id='word_1_210' title='bbox 185 1379 230 1405; x_wconf 89' lang='lat' dir='ltr'>ex</span> <span class='ocrx_word' id='word_1_211' title='bbox 262 1367 376 1406; x_wconf 71' lang='lat' dir='ltr'>sociis</span> <span class='ocrx_word' id='word_1_212' title='bbox 403 1367 561 1412; x_wconf 71' lang='lat' dir='ltr'>vestris,</span> <span class='ocrx_word' id='word_1_213' title='bbox 592 1367 656 1417; x_wconf 82' lang='lat' dir='ltr'>qui</span> <span class='ocrx_word' id='word_1_214' title='bbox 689 1367 787 1405; x_wconf 86' lang='lat' dir='ltr'>bello</span> <span class='ocrx_word' id='word_1_215' title='bbox 815 1379 834 1404; x_wconf 78' lang='lat' dir='ltr'>a</span> <span class='ocrx_word' id='word_1_216' title='bbox 867 1366 977 1405; x_wconf 84' lang='lat' dir='ltr'>vobis</span> <span class='ocrx_word' id='word_1_217' title='bbox 1001 1372 1107 1417; x_wconf 87' lang='lat' dir='ltr'>parta</span> <span class='ocrx_word' id='word_1_218' title='bbox 1139 1367 1344 1417; x_wconf 85' lang='lat' dir='ltr'>possideat,</span> <span class='ocrx_word' id='word_1_219' title='bbox 1375 1379 1492 1417; x_wconf 86' lang='lat' dir='ltr'>quam</span> 
     </span>
     <span class='ocr_line' id='line_1_24' title="bbox 68 1423 1558 1473; baseline 0 -11"><span class='ocrx_word' id='word_1_220' title='bbox 68 1431 131 1462; x_wconf 88' lang='lat' dir='ltr'>me</span> <span class='ocrx_word' id='word_1_221' title='bbox 171 1423 298 1462; x_wconf 90' lang='lat' dir='ltr'>dicere</span> <span class='ocrx_word' id='word_1_222' title='bbox 338 1424 475 1462; x_wconf 74' lang='lat' dir='ltr'>ausint.</span> <span class='ocrx_word' id='word_1_223' title='bbox 534 1430 571 1462; x_wconf 86' lang='lat' dir='ltr'>at</span> <span class='ocrx_word' id='word_1_224' title='bbox 613 1424 716 1462; x_wconf 86' lang='lat' dir='ltr'>enim</span> <span class='ocrx_word' id='word_1_225' title='bbox 758 1423 1005 1473; x_wconf 74' lang='lat' dir='ltr'>magnificum</span> <span class='ocrx_word' id='word_1_226' title='bbox 1048 1430 1106 1461; x_wconf 84' lang='lat' dir='ltr'>est</span> <span class='ocrx_word' id='word_1_227' title='bbox 1131 1423 1294 1461; x_wconf 84' lang='lat' dir='ltr'>liberare</span> <span class='ocrx_word' id='word_1_228' title='bbox 1325 1423 1493 1462; x_wconf 77' lang='lat' dir='ltr'>civitates</span> <span class='ocrx_word' id='word_1_229' title='bbox 1513 1436 1558 1469; x_wconf 75' lang='lat'>28</span> 
     </span>
     <span class='ocr_line' id='line_1_25' title="bbox 67 1479 1493 1531; baseline 0 -13"><span class='ocrx_word' id='word_1_230' title='bbox 67 1492 209 1518; x_wconf 81' lang='lat' dir='ltr'>servas.</span> <span class='ocrx_word' id='word_1_231' title='bbox 263 1481 311 1518; x_wconf 88' lang='lat' dir='ltr'>ita</span> <span class='ocrx_word' id='word_1_232' title='bbox 335 1481 488 1531; x_wconf 80' lang='lat' dir='ltr'>opinor,</span> <span class='ocrx_word' id='word_1_233' title='bbox 520 1480 551 1518; x_wconf 86' lang='lat' dir='ltr'>si</span> <span class='ocrx_word' id='word_1_234' title='bbox 581 1480 671 1518; x_wconf 90' lang='lat' dir='ltr'>nihil</span> <span class='ocrx_word' id='word_1_235' title='bbox 700 1479 835 1518; x_wconf 84' lang='lat' dir='ltr'>hostile</span> <span class='ocrx_word' id='word_1_236' title='bbox 866 1479 1052 1518; x_wconf 84' lang='lat' dir='ltr'>adversus</span> <span class='ocrx_word' id='word_1_237' title='bbox 1081 1492 1150 1518; x_wconf 83' lang='lat' dir='ltr'>vos</span> <span class='ocrx_word' id='word_1_238' title='bbox 1179 1482 1384 1525; x_wconf 65' lang='lat' dir='ltr'>fecerunt,</span> <span class='ocrx_word' id='word_1_239' title='bbox 1433 1480 1493 1518; x_wconf 87' lang='lat' dir='ltr'>sin</span> 
     </span>
     <span class='ocr_line' id='line_1_26' title="bbox 68 1536 1493 1587; baseline -0.001 -12"><span class='ocrx_word' id='word_1_240' title='bbox 68 1543 197 1575; x_wconf 85' lang='lat' dir='ltr'>autem</span> <span class='ocrx_word' id='word_1_241' title='bbox 229 1537 407 1575; x_wconf 87' lang='lat' dir='ltr'>Antiochi</span> <span class='ocrx_word' id='word_1_242' title='bbox 439 1537 556 1587; x_wconf 81' lang='lat' dir='ltr'>partis</span> <span class='ocrx_word' id='word_1_243' title='bbox 590 1539 768 1581; x_wconf 76' lang='lat' dir='ltr'>fuerunt,</span> <span class='ocrx_word' id='word_1_244' title='bbox 800 1543 944 1586; x_wconf 83' lang='lat' dir='ltr'>quanto</span> <span class='ocrx_word' id='word_1_245' title='bbox 976 1543 1034 1575; x_wconf 87' lang='lat' dir='ltr'>est</span> <span class='ocrx_word' id='word_1_246' title='bbox 1064 1543 1188 1575; x_wconf 84' lang='lat' dir='ltr'>vestra</span> <span class='ocrx_word' id='word_1_247' title='bbox 1219 1536 1425 1586; x_wconf 81' lang='lat' dir='ltr'>prudentia</span> <span class='ocrx_word' id='word_1_248' title='bbox 1456 1543 1493 1574; x_wconf 91' lang='lat' dir='ltr'>et</span> 
     </span>
     <span class='ocr_line' id='line_1_27' title="bbox 66 1592 1491 1644; baseline -0.001 -13"><span class='ocrx_word' id='word_1_249' title='bbox 66 1593 254 1644; x_wconf 87' lang='lat' dir='ltr'>aequitate</span> <span class='ocrx_word' id='word_1_250' title='bbox 294 1593 448 1644; x_wconf 86' lang='lat' dir='ltr'>dignius</span> <span class='ocrx_word' id='word_1_251' title='bbox 486 1593 600 1631; x_wconf 75' lang='lat' dir='ltr'>sociis</span> <span class='ocrx_word' id='word_1_252' title='bbox 639 1593 738 1631; x_wconf 82' lang='lat' dir='ltr'>hene</span> <span class='ocrx_word' id='word_1_253' title='bbox 768 1593 912 1631; x_wconf 82' lang='lat' dir='ltr'>meritis</span> <span class='ocrx_word' id='word_1_254' title='bbox 942 1605 1057 1642; x_wconf 82' lang='lat' dir='ltr'>quain</span> <span class='ocrx_word' id='word_1_255' title='bbox 1087 1592 1263 1631; x_wconf 83' lang='lat' dir='ltr'>hostibus</span> <span class='ocrx_word' id='word_1_256' title='bbox 1294 1605 1363 1630; x_wconf 84' lang='lat' dir='ltr'>vos</span> <span class='ocrx_word' id='word_1_257' title='bbox 1395 1605 1491 1631; x_wconf 89' lang='lat' dir='ltr'>con-</span> 
     </span>
    </p>
   </div>
   <div class='ocr_carea' id='block_1_4' title="bbox 67 1647 248 1688">
    <p class='ocr_par' dir='ltr' id='par_1_4' title="bbox 67 1647 248 1688">
     <span class='ocr_line' id='line_1_28' title="bbox 67 1647 248 1688; baseline -0.006 0"><span class='ocrx_word' id='word_1_258' title='bbox 67 1649 194 1688; x_wconf 89' lang='lat' dir='ltr'>sulere</span> <span class='ocrx_word' id='word_1_259' title='bbox 204 1647 248 1687; x_wconf 63' lang='lat'>{²⁶⁴</span> 
     </span>
    </p>
   </div>
   <div class='ocr_carea' id='block_1_5' title="bbox 60 1796 745 2616">
    <p class='ocr_par' dir='ltr' id='par_1_5' title="bbox 65 1796 744 2064">
     <span class='ocr_line' id='line_1_29' title="bbox 65 1796 743 1835; baseline 0 -8"><span class='ocrx_word' id='word_1_260' title='bbox 65 1813 112 1818; x_wconf 89' lang='lat'>—</span> <span class='ocrx_word' id='word_1_261' title='bbox 135 1798 280 1830; x_wconf 68' lang='lat' dir='ltr'>extorris,</span> <span class='ocrx_word' id='word_1_262' title='bbox 306 1797 360 1829; x_wconf 78' lang='lat'>29,</span> <span class='ocrx_word' id='word_1_263' title='bbox 392 1796 445 1828; x_wconf 78' lang='lat'>29.</span> <span class='ocrx_word' id='word_1_264' title='bbox 475 1812 511 1816; x_wconf 87' lang='lat'>—</span> <span class='ocrx_word' id='word_1_265' title='bbox 531 1797 662 1835; x_wconf 53' lang='lat' dir='ltr'>fidem„</span> <span class='ocrx_word' id='word_1_266' title='bbox 690 1796 743 1834; x_wconf 83' lang='grc'>31,</span> 
     </span>
     <span class='ocr_line' id='line_1_30' title="bbox 68 1842 744 1882; baseline -0.003 -8"><span class='ocrx_word' id='word_1_267' title='bbox 68 1842 106 1882; x_wconf 80' lang='grc'>9,</span> <span class='ocrx_word' id='word_1_268' title='bbox 139 1843 170 1873; x_wconf 87' lang='grc'>4.</span> <span class='ocrx_word' id='word_1_269' title='bbox 208 1858 248 1864; x_wconf 80' lang='lat'>—</span> <span class='ocrx_word' id='word_1_270' title='bbox 283 1843 435 1881; x_wconf 76' lang='lat' dir='ltr'>op11le11t.,</span> <span class='ocrx_word' id='word_1_271' title='bbox 464 1842 612 1882; x_wconf 81' lang='lat'>31,11,</span> <span class='ocrx_word' id='word_1_272' title='bbox 644 1842 676 1872; x_wconf 72' lang='lat' dir='ltr'>S.</span> <span class='ocrx_word' id='word_1_273' title='bbox 701 1858 744 1861; x_wconf 77' lang='lat'><strong>—</strong></span> 
     </span>
     <span class='ocr_line' id='line_1_31' title="bbox 65 1884 744 1927; baseline -0.001 -10"><span class='ocrx_word' id='word_1_274' title='bbox 65 1887 176 1927; x_wconf 69' lang='lat' dir='ltr'>Afric.</span> <span class='ocrx_word' id='word_1_275' title='bbox 217 1897 301 1927; x_wconf 56' lang='lat' dir='ltr'>req„</span> <span class='ocrx_word' id='word_1_276' title='bbox 352 1896 466 1918; x_wconf 69' lang='lat' dir='ltr'>ausser</span> <span class='ocrx_word' id='word_1_277' title='bbox 505 1886 575 1917; x_wconf 83' lang='lat' dir='ltr'>dem</span> <span class='ocrx_word' id='word_1_278' title='bbox 618 1884 744 1926; x_wconf 70' lang='lat' dir='ltr'>Kiinige</span> 
     </span>
     <span class='ocr_line' id='line_1_32' title="bbox 66 1930 743 1973; baseline -0.001 -10"><span class='ocrx_word' id='word_1_279' title='bbox 66 1942 130 1963; x_wconf 86' lang='lat' dir='ltr'>von</span> <span class='ocrx_word' id='word_1_280' title='bbox 163 1930 389 1964; x_wconf 81' lang='lat' dir='ltr'>Mauretanien</span> <span class='ocrx_word' id='word_1_281' title='bbox 421 1931 530 1963; x_wconf 82' lang='lat' dir='ltr'>kleiue</span> <span class='ocrx_word' id='word_1_282' title='bbox 564 1932 743 1973; x_wconf 75' lang='lat' dir='ltr'>Dynasten.</span> 
     </span>
     <span class='ocr_line' id='line_1_33' title="bbox 67 1976 743 2020; baseline 0 -12"><span class='ocrx_word' id='word_1_283' title='bbox 67 1976 254 2018; x_wconf 81' lang='lat' dir='ltr'>Pleuratus,</span> <span class='ocrx_word' id='word_1_284' title='bbox 280 1978 341 2009; x_wconf 85' lang='lat' dir='ltr'>den</span> <span class='ocrx_word' id='word_1_285' title='bbox 367 1976 484 2020; x_wconf 66' lang='lat' dir='ltr'>Polyb.</span> <span class='ocrx_word' id='word_1_286' title='bbox 510 1978 675 2018; x_wconf 68' lang='lat' dir='ltr'>erwiihnt,</span> <span class='ocrx_word' id='word_1_287' title='bbox 699 1976 743 2009; x_wconf 83' lang='lat' dir='ltr'>ist</span> 
     </span>
     <span class='ocr_line' id='line_1_34' title="bbox 66 2022 566 2064; baseline 0.004 -10"><span class='ocrx_word' id='word_1_288' title='bbox 66 2022 288 2064; x_wconf 64' lang='lat' dir='ltr'>{ihm-gangen,</span> <span class='ocrx_word' id='word_1_289' title='bbox 312 2022 377 2054; x_wconf 85' lang='lat' dir='ltr'>wie</span> <span class='ocrx_word' id='word_1_290' title='bbox 404 2033 430 2055; x_wconf 85' lang='lat' dir='ltr'>c.</span> <span class='ocrx_word' id='word_1_291' title='bbox 457 2024 511 2060; x_wconf 82' lang='lat'>25,</span> <span class='ocrx_word' id='word_1_292' title='bbox 537 2025 566 2056; x_wconf 83' lang='lat'>9.</span> 
     </span>
    </p>

    <p class='ocr_par' dir='ltr' id='par_1_6' title="bbox 60 2067 745 2616">
     <span class='ocr_line' id='line_1_35' title="bbox 112 2067 744 2110; baseline -0.003 -9"><span class='ocrx_word' id='word_1_293' title='bbox 112 2070 256 2101; x_wconf 78' lang='lat'><strong>23—27.</strong></span> <span class='ocrx_word' id='word_1_294' title='bbox 281 2080 344 2110; x_wconf 84' lang='lat' dir='ltr'>quo</span> <span class='ocrx_word' id='word_1_295' title='bbox 363 2071 487 2100; x_wconf 75' lang='lat' dir='ltr'>tandem</span> <span class='ocrx_word' id='word_1_296' title='bbox 504 2071 555 2110; x_wconf 71' lang='grc' dir='ltr'><strong>ι’φ,</strong></span> <span class='ocrx_word' id='word_1_297' title='bbox 581 2067 641 2100; x_wconf 88' lang='lat' dir='ltr'>auf</span> <span class='ocrx_word' id='word_1_298' title='bbox 653 2067 744 2100; x_wconf 84' lang='lat' dir='ltr'>seinc</span> 
     </span>
     <span class='ocr_line' id='line_1_36' title="bbox 65 2112 744 2154; baseline -0.001 -8"><span class='ocrx_word' id='word_1_299' title='bbox 65 2112 261 2154; x_wconf 86' lang='lat' dir='ltr'>Forderung</span> <span class='ocrx_word' id='word_1_300' title='bbox 306 2113 389 2145; x_wconf 84' lang='lat' dir='ltr'>wird</span> <span class='ocrx_word' id='word_1_301' title='bbox 436 2114 484 2145; x_wconf 88' lang='lat' dir='ltr'>als</span> <span class='ocrx_word' id='word_1_302' title='bbox 533 2113 593 2146; x_wconf 84' lang='lat' dir='ltr'>auf</span> <span class='ocrx_word' id='word_1_303' title='bbox 637 2118 744 2145; x_wconf 81' lang='lat' dir='ltr'>etwas</span> 
     </span>
     <span class='ocr_line' id='line_1_37' title="bbox 68 2160 745 2201; baseline -0.001 -10"><span class='ocrx_word' id='word_1_304' title='bbox 68 2160 330 2192; x_wconf 79' lang='lat' dir='ltr'>Bedentenderes</span> <span class='ocrx_word' id='word_1_305' title='bbox 356 2160 457 2191; x_wconf 81' lang='lat' dir='ltr'>durch</span> <span class='ocrx_word' id='word_1_306' title='bbox 489 2163 612 2192; x_wconf 68' lang='lat' dir='ltr'>tandem</span> <span class='ocrx_word' id='word_1_307' title='bbox 644 2162 745 2201; x_wconf 75' lang='lat' dir='ltr'>iyz&#39;tur</span> 
     </span>
     <span class='ocr_line' id='line_1_38' title="bbox 66 2204 742 2248; baseline 0.003 -12"><span class='ocrx_word' id='word_1_308' title='bbox 66 2204 302 2247; x_wconf 74' lang='lat' dir='ltr'>hingewiescn,</span> <span class='ocrx_word' id='word_1_309' title='bbox 330 2204 399 2238; x_wconf 87' lang='lat' dir='ltr'>Cic.</span> <span class='ocrx_word' id='word_1_310' title='bbox 426 2205 464 2237; x_wconf 77' lang='lat' dir='ltr'>de</span> <span class='ocrx_word' id='word_1_311' title='bbox 489 2204 563 2248; x_wconf 86' lang='lat' dir='ltr'>imp.</span> <span class='ocrx_word' id='word_1_312' title='bbox 582 2204 689 2247; x_wconf 89' lang='lat' dir='ltr'>Pomp.</span> <span class='ocrx_word' id='word_1_313' title='bbox 712 2208 742 2244; x_wconf 85' lang='lat'>6,</span> 
     </span>
     <span class='ocr_line' id='line_1_39' title="bbox 71 2252 742 2293; baseline -0.001 -10"><span class='ocrx_word' id='word_1_314' title='bbox 71 2252 129 2283; x_wconf 75' lang='lat'>16:</span> <span class='ocrx_word' id='word_1_315' title='bbox 161 2262 225 2292; x_wconf 83' lang='lat' dir='ltr'>quo</span> <span class='ocrx_word' id='word_1_316' title='bbox 262 2253 386 2283; x_wconf 71' lang='lat' dir='ltr'>tandem</span> <span class='ocrx_word' id='word_1_317' title='bbox 420 2253 519 2292; x_wconf 76' lang='lat' dir='ltr'>iqitur</span> <span class='ocrx_word' id='word_1_318' title='bbox 550 2254 674 2290; x_wconf 67' lang='lat' dir='ltr'>animo,</span> <span class='ocrx_word' id='word_1_319' title='bbox 712 2261 742 2293; x_wconf 86' lang='lat' dir='ltr'>p.</span> 
     </span>
     <span class='ocr_line' id='line_1_40' title="bbox 68 2295 744 2338; baseline 0 -11"><span class='ocrx_word' id='word_1_320' title='bbox 68 2295 195 2328; x_wconf 87' lang='lat' dir='ltr'>Cluent.</span> <span class='ocrx_word' id='word_1_321' title='bbox 225 2298 276 2337; x_wconf 88' lang='lat'>10,</span> <span class='ocrx_word' id='word_1_322' title='bbox 303 2298 356 2330; x_wconf 82' lang='lat'>29.</span> <span class='ocrx_word' id='word_1_323' title='bbox 402 2296 463 2328; x_wconf 80' lang='lat' dir='ltr'>Die</span> <span class='ocrx_word' id='word_1_324' title='bbox 482 2296 744 2338; x_wconf 40' lang='lat' dir='ltr'>&amp;Viederholung</span> 
     </span>
     <span class='ocr_line' id='line_1_41' title="bbox 60 2342 744 2382; baseline -0.001 -8"><span class='ocrx_word' id='word_1_325' title='bbox 60 2348 155 2382; x_wconf 72' lang='lat' dir='ltr'>pater</span> <span class='ocrx_word' id='word_1_326' title='bbox 179 2360 224 2365; x_wconf 92' lang='lat'><em>—</em></span> <span class='ocrx_word' id='word_1_327' title='bbox 257 2344 387 2374; x_wconf 68' lang='lat' dir='ltr'>tulimus</span> <span class='ocrx_word' id='word_1_328' title='bbox 418 2342 484 2373; x_wconf 89' lang='lat' dir='ltr'>und</span> <span class='ocrx_word' id='word_1_329' title='bbox 517 2342 568 2374; x_wconf 85' lang='lat' dir='ltr'>die</span> <span class='ocrx_word' id='word_1_330' title='bbox 599 2342 744 2373; x_wconf 86' lang='lat' dir='ltr'>dadurch</span> 
     </span>
     <span class='ocr_line' id='line_1_42' title="bbox 66 2387 743 2429; baseline -0.001 -9"><span class='ocrx_word' id='word_1_331' title='bbox 66 2387 220 2428; x_wconf 82' lang='lat' dir='ltr'>bedingte</span> <span class='ocrx_word' id='word_1_332' title='bbox 257 2398 320 2419; x_wconf 92' lang='lat' dir='ltr'>von</span> <span class='ocrx_word' id='word_1_333' title='bbox 363 2390 444 2429; x_wconf 80' lang='lat' dir='ltr'><em>quid</em></span> <span class='ocrx_word' id='word_1_334' title='bbox 486 2399 560 2429; x_wconf 76' lang='lat' dir='ltr'>erqo</span> <span class='ocrx_word' id='word_1_335' title='bbox 586 2390 743 2428; x_wconf 71' lang='lat' dir='ltr'>postulas,</span> 
     </span>
     <span class='ocr_line' id='line_1_43' title="bbox 66 2433 743 2475; baseline 0 -11"><span class='ocrx_word' id='word_1_336' title='bbox 66 2443 137 2465; x_wconf 84' lang='lat' dir='ltr'>was</span> <span class='ocrx_word' id='word_1_337' title='bbox 153 2435 171 2472; x_wconf 66' lang='grc' dir='ltr'><strong>ἓ</strong></span> <span class='ocrx_word' id='word_1_338' title='bbox 190 2435 250 2467; x_wconf 85' lang='lat'><strong>23:</strong></span> <span class='ocrx_word' id='word_1_339' title='bbox 277 2444 339 2474; x_wconf 84' lang='lat' dir='ltr'>quo</span> <span class='ocrx_word' id='word_1_340' title='bbox 357 2435 443 2465; x_wconf 74' lang='lat' dir='ltr'>tund.</span> <span class='ocrx_word' id='word_1_341' title='bbox 466 2437 529 2464; x_wconf 81' lang='lat' dir='ltr'>etc.</span> <span class='ocrx_word' id='word_1_342' title='bbox 548 2433 743 2475; x_wconf 85' lang='lat' dir='ltr'>entspricht,</span> 
     </span>
     <span class='ocr_line' id='line_1_44' title="bbox 66 2477 745 2530; baseline 0.001 -20"><span class='ocrx_word' id='word_1_343' title='bbox 66 2479 125 2511; x_wconf 81' lang='lat' dir='ltr'>hat</span> <span class='ocrx_word' id='word_1_344' title='bbox 144 2477 215 2511; x_wconf 93' lang='lat' dir='ltr'>Pol</span> <span class='ocrx_word' id='word_1_345' title='bbox 245 2477 414 2530; x_wconf 72' lang='lat' dir='ltr'>§5nicht,</span> <span class='ocrx_word' id='word_1_346' title='bbox 439 2479 579 2510; x_wconf 84' lang='lat' dir='ltr'>sondern</span> <span class='ocrx_word' id='word_1_347' title='bbox 604 2488 683 2511; x_wconf 87' lang='lat' dir='ltr'>nur:</span> <span class='ocrx_word' id='word_1_348' title='bbox 708 2482 745 2511; x_wconf 82' lang='grc' dir='ltr'>τί</span> 
     </span>
     <span class='ocr_line' id='line_1_45' title="bbox 68 2520 744 2578; baseline -0.001 -20"><span class='ocrx_word' id='word_1_349' title='bbox 68 2520 136 2559; x_wconf 81' lang='grc' dir='ltr'>οὖν</span> <span class='ocrx_word' id='word_1_350' title='bbox 160 2525 260 2558; x_wconf 68' lang='grc' dir='ltr'><strong><em>ἒσῗὶν</em></strong></span> <span class='ocrx_word' id='word_1_351' title='bbox 284 2520 304 2557; x_wconf 81' lang='grc' dir='ltr'><em>ὂ</em></span> <span class='ocrx_word' id='word_1_352' title='bbox 305 2524 539 2578; x_wconf 77' lang='grc' dir='ltr'>παρακαλῶ</span> <span class='ocrx_word' id='word_1_353' title='bbox 562 2526 623 2556; x_wconf 85' lang='grc' dir='ltr'>καὶ</span> <span class='ocrx_word' id='word_1_354' title='bbox 644 2536 702 2558; x_wconf 72' lang='lat' dir='ltr'>&#39;tm</span> <span class='ocrx_word' id='word_1_355' title='bbox 705 2537 744 2561; x_wconf 87' lang='grc' dir='ltr'>ος</span> 
     </span>
     <span class='ocr_line' id='line_1_46' title="bbox 67 2567 724 2616; baseline -0.003 -13"><span class='ocrx_word' id='word_1_356' title='bbox 67 2571 166 2616; x_wconf 78' lang='grc' dir='ltr'>φημὶ</span> <span class='ocrx_word' id='word_1_357' title='bbox 193 2569 273 2603; x_wconf 74' lang='grc' dir='ltr'>δεῖν</span> <span class='ocrx_word' id='word_1_358' title='bbox 296 2567 394 2616; x_wconf 82' lang='grc' dir='ltr'><em>ἡμας</em></span> <span class='ocrx_word' id='word_1_359' title='bbox 421 2583 477 2603; x_wconf 81' lang='grc' dir='ltr'>τι·</span> <span class='ocrx_word' id='word_1_360' title='bbox 468 2581 620 2614; x_wconf 50' lang='lat' dir='ltr'>plavem</span> <span class='ocrx_word' id='word_1_361' title='bbox 647 2582 724 2613; x_wconf 76' lang='grc' dir='ltr'>παρ</span> 
     </span>
    </p>
   </div>
   <div class='ocr_carea' id='block_1_6' title="bbox 812 1795 1493 2610">
    <p class='ocr_par' dir='ltr' id='par_1_7' title="bbox 814 1795 1493 2064">
     <span class='ocr_line' id='line_1_47' title="bbox 815 1795 1491 1918; baseline -0.001 -44.999"><span class='ocrx_word' id='word_1_362' title='bbox 815 1807 981 1918; x_wconf 57' lang='grc' dir='ltr'><strong>Ξς,ω11,11·</strong></span> <span class='ocrx_word' id='word_1_363' title='bbox 1007 1797 1168 1880; x_wconf 46' lang='lat' dir='ltr'>iaessfzjm</span> <span class='ocrx_word' id='word_1_364' title='bbox 1187 1795 1491 1902; x_wconf 48' lang='grc' dir='ltr'>εαὲῖῖςῐῖἷιεὸίαρέφῖιιξ</span> 
     </span>
     <span class='ocr_line' id='line_1_48' title="bbox 839 1887 1470 1927; baseline -0.003 -7.881"><span class='ocrx_word' id='word_1_365' title='bbox 839 1888 927 1927; x_wconf 87' lang='grc'>33,</span> <span class='ocrx_word' id='word_1_366' title='bbox 957 1887 1014 1919; x_wconf 87' lang='lat'><strong>13:</strong></span> <span class='ocrx_word' id='word_1_367' title='bbox 1039 1889 1419 1918; x_wconf 15' lang='lat' dir='ltr'>vz&#39;nciclestzUnavemntu.</span> <span class='ocrx_word' id='word_1_368' title='bbox 1442 1896 1470 1917; x_wconf 90' lang='lat' dir='ltr'>a.</span> 
     </span>
     <span class='ocr_line' id='line_1_49' title="bbox 814 1931 1493 1973; baseline -0.001 -10"><span class='ocrx_word' id='word_1_369' title='bbox 814 1935 922 1973; x_wconf 73' lang='lat' dir='ltr'>utique</span> <span class='ocrx_word' id='word_1_370' title='bbox 955 1932 1073 1973; x_wconf 82' lang='lat' dir='ltr'>gehb&#39;rt</span> <span class='ocrx_word' id='word_1_371' title='bbox 1103 1942 1142 1963; x_wconf 92' lang='lat' dir='ltr'>zu</span> <span class='ocrx_word' id='word_1_372' title='bbox 1174 1934 1334 1964; x_wconf 71' lang='grc' dir='ltr'><em>υοῐθοιιίὸε</em></span> <span class='ocrx_word' id='word_1_373' title='bbox 1372 1932 1411 1963; x_wconf 84' lang='lat' dir='ltr'>da</span> <span class='ocrx_word' id='word_1_374' title='bbox 1439 1931 1493 1962; x_wconf 83' lang='lat' dir='ltr'>ihr</span> 
     </span>
     <span class='ocr_line' id='line_1_50' title="bbox 814 1976 1490 2009; baseline -0.001 0"><span class='ocrx_word' id='word_1_375' title='bbox 814 1987 848 2009; x_wconf 83' lang='lat' dir='ltr'>es</span> <span class='ocrx_word' id='word_1_376' title='bbox 874 1978 1036 2009; x_wconf 84' lang='lat' dir='ltr'>durchaus</span> <span class='ocrx_word' id='word_1_377' title='bbox 1062 1977 1168 2009; x_wconf 79' lang='lat' dir='ltr'>wollt.</span> <span class='ocrx_word' id='word_1_378' title='bbox 1197 1995 1239 1999; x_wconf 77' lang='lat'><strong>—</strong></span> <span class='ocrx_word' id='word_1_379' title='bbox 1279 1980 1401 2009; x_wconf 71' lang='lat' dir='ltr'>emostzs</span> <span class='ocrx_word' id='word_1_380' title='bbox 1426 1976 1490 2008; x_wconf 85' lang='lat' dir='ltr'>wie</span> 
     </span>
     <span class='ocr_line' id='line_1_51' title="bbox 814 2024 1491 2064; baseline -0.001 -10"><span class='ocrx_word' id='word_1_381' title='bbox 814 2024 868 2064; x_wconf 70' lang='lat'>38,</span> <span class='ocrx_word' id='word_1_382' title='bbox 898 2025 950 2064; x_wconf 78' lang='grc'>12,</span> <span class='ocrx_word' id='word_1_383' title='bbox 975 2025 1006 2056; x_wconf 86' lang='grc'>4.</span> <span class='ocrx_word' id='word_1_384' title='bbox 1031 2041 1073 2045; x_wconf 84' lang='grc'>-</span> <span class='ocrx_word' id='word_1_385' title='bbox 1098 2025 1206 2063; x_wconf 57' lang='lat' dir='ltr'>aceol„</span> <span class='ocrx_word' id='word_1_386' title='bbox 1232 2033 1259 2054; x_wconf 79' lang='lat' dir='ltr'>c.</span> <span class='ocrx_word' id='word_1_387' title='bbox 1292 2026 1345 2063; x_wconf 72' lang='lat'>54,</span> <span class='ocrx_word' id='word_1_388' title='bbox 1373 2024 1426 2055; x_wconf 83' lang='lat'>22.</span> <span class='ocrx_word' id='word_1_389' title='bbox 1446 2040 1491 2044; x_wconf 91' lang='lat'>——</span> 
     </span>
    </p>

    <p class='ocr_par' dir='ltr' id='par_1_8' title="bbox 813 2068 1269 2109">
     <span class='ocr_line' id='line_1_52' title="bbox 813 2068 1269 2109; baseline -0.002 -9"><span class='ocrx_word' id='word_1_390' title='bbox 813 2070 964 2100; x_wconf 74' lang='lat' dir='ltr'>deducere</span> <span class='ocrx_word' id='word_1_391' title='bbox 989 2068 1052 2100; x_wconf 79' lang='lat' dir='ltr'>wie</span> <span class='ocrx_word' id='word_1_392' title='bbox 1079 2070 1132 2109; x_wconf 80' lang='lat'>34,</span> <span class='ocrx_word' id='word_1_393' title='bbox 1159 2070 1213 2109; x_wconf 83' lang='lat'>49,</span> <span class='ocrx_word' id='word_1_394' title='bbox 1240 2071 1269 2101; x_wconf 74' lang='lat'>4.</span> 
     </span>
    </p>

    <p class='ocr_par' dir='ltr' id='par_1_9' title="bbox 812 2113 1492 2610">
     <span class='ocr_line' id='line_1_53' title="bbox 860 2113 1492 2154; baseline -0.003 -8"><span class='ocrx_word' id='word_1_395' title='bbox 860 2116 912 2147; x_wconf 61' lang='lat'>28.</span> <span class='ocrx_word' id='word_1_396' title='bbox 937 2122 969 2146; x_wconf 81' lang='lat' dir='ltr'>at</span> <span class='ocrx_word' id='word_1_397' title='bbox 991 2117 1074 2145; x_wconf 68' lang='lat' dir='ltr'>enim</span> <span class='ocrx_word' id='word_1_398' title='bbox 1098 2118 1181 2151; x_wconf 85' lang='lat' dir='ltr'>etc.,</span> <span class='ocrx_word' id='word_1_399' title='bbox 1219 2114 1278 2145; x_wconf 83' lang='lat' dir='ltr'>der</span> <span class='ocrx_word' id='word_1_400' title='bbox 1302 2113 1492 2154; x_wconf 79' lang='lat' dir='ltr'>wichtigstc</span> 
     </span>
     <span class='ocr_line' id='line_1_54' title="bbox 812 2158 1490 2200; baseline -0.001 -10"><span class='ocrx_word' id='word_1_401' title='bbox 812 2158 968 2191; x_wconf 75' lang='lat' dir='ltr'>Einwurf</span> <span class='ocrx_word' id='word_1_402' title='bbox 990 2160 1048 2191; x_wconf 88' lang='lat' dir='ltr'>der</span> <span class='ocrx_word' id='word_1_403' title='bbox 1075 2158 1216 2200; x_wconf 80' lang='lat' dir='ltr'>Gegner,</span> <span class='ocrx_word' id='word_1_404' title='bbox 1251 2170 1278 2190; x_wconf 87' lang='lat' dir='ltr'>s.</span> <span class='ocrx_word' id='word_1_405' title='bbox 1302 2160 1320 2198; x_wconf 68' lang='grc' dir='ltr'>ξ</span> <span class='ocrx_word' id='word_1_406' title='bbox 1349 2161 1379 2199; x_wconf 84' lang='lat'>5,</span> <span class='ocrx_word' id='word_1_407' title='bbox 1405 2158 1490 2189; x_wconf 89' lang='lat' dir='ltr'>wird</span> 
     </span>
     <span class='ocr_line' id='line_1_55' title="bbox 814 2205 1490 2243; baseline -0.001 -7"><span class='ocrx_word' id='word_1_408' title='bbox 814 2216 873 2236; x_wconf 85' lang='lat' dir='ltr'>nur</span> <span class='ocrx_word' id='word_1_409' title='bbox 909 2205 991 2236; x_wconf 87' lang='lat' dir='ltr'>kurz</span> <span class='ocrx_word' id='word_1_410' title='bbox 1026 2205 1172 2236; x_wconf 87' lang='lat' dir='ltr'>beriihrt.</span> <span class='ocrx_word' id='word_1_411' title='bbox 1207 2222 1251 2227; x_wconf 88' lang='lat'><em>—</em></span> <span class='ocrx_word' id='word_1_412' title='bbox 1286 2208 1332 2236; x_wconf 75' lang='lat' dir='ltr'>ita</span> <span class='ocrx_word' id='word_1_413' title='bbox 1360 2206 1490 2243; x_wconf 78' lang='lat' dir='ltr'>opinor:</span> 
     </span>
     <span class='ocr_line' id='line_1_56' title="bbox 814 2249 1492 2291; baseline 0 -10"><span class='ocrx_word' id='word_1_414' title='bbox 814 2250 866 2282; x_wconf 86' lang='lat' dir='ltr'>ich</span> <span class='ocrx_word' id='word_1_415' title='bbox 892 2251 1005 2282; x_wconf 71' lang='lat' dir='ltr'>r&#39;ziume</span> <span class='ocrx_word' id='word_1_416' title='bbox 1029 2251 1087 2281; x_wconf 86' lang='lat' dir='ltr'>das</span> <span class='ocrx_word' id='word_1_417' title='bbox 1113 2249 1178 2291; x_wconf 85' lang='lat' dir='ltr'>ein,</span> <span class='ocrx_word' id='word_1_418' title='bbox 1203 2250 1284 2282; x_wconf 82' lang='lat' dir='ltr'>aber</span> <span class='ocrx_word' id='word_1_419' title='bbox 1309 2260 1370 2281; x_wconf 86' lang='lat' dir='ltr'>nur</span> <span class='ocrx_word' id='word_1_420' title='bbox 1393 2253 1492 2281; x_wconf 87' lang='lat' dir='ltr'>unter</span> 
     </span>
     <span class='ocr_line' id='line_1_57' title="bbox 813 2295 1491 2336; baseline -0.001 -9"><span class='ocrx_word' id='word_1_421' title='bbox 813 2297 871 2328; x_wconf 84' lang='lat' dir='ltr'>der</span> <span class='ocrx_word' id='word_1_422' title='bbox 897 2296 1171 2336; x_wconf 63' lang='lat' dir='ltr'>sseschriinkung‚</span> <span class='ocrx_word' id='word_1_423' title='bbox 1198 2305 1304 2335; x_wconf 82' lang='lat' dir='ltr'>wcnn,</span> <span class='ocrx_word' id='word_1_424' title='bbox 1329 2295 1396 2336; x_wconf 87' lang='lat' dir='ltr'>vgl.</span> <span class='ocrx_word' id='word_1_425' title='bbox 1423 2295 1491 2326; x_wconf 88' lang='lat' dir='ltr'>Cic.</span> 
     </span>
     <span class='ocr_line' id='line_1_58' title="bbox 814 2340 1489 2383; baseline 0 -11"><span class='ocrx_word' id='word_1_426' title='bbox 814 2341 874 2373; x_wconf 81' lang='lat' dir='ltr'>Off</span> <span class='ocrx_word' id='word_1_427' title='bbox 904 2343 935 2382; x_wconf 88' lang='lat'>3,</span> <span class='ocrx_word' id='word_1_428' title='bbox 961 2343 1022 2383; x_wconf 82' lang='lat'>29,</span> <span class='ocrx_word' id='word_1_429' title='bbox 1053 2343 1132 2375; x_wconf 82' lang='lat'>105:</span> <span class='ocrx_word' id='word_1_430' title='bbox 1164 2348 1261 2383; x_wconf 80' lang='lat' dir='ltr'>certe,</span> <span class='ocrx_word' id='word_1_431' title='bbox 1287 2343 1335 2379; x_wconf 73' lang='lat' dir='ltr'>ei;</span> <span class='ocrx_word' id='word_1_432' title='bbox 1359 2340 1489 2381; x_wconf 81' lang='lat' dir='ltr'>anders,</span> 
     </span>
     <span class='ocr_line' id='line_1_59' title="bbox 813 2384 1490 2427; baseline 0 -10"><span class='ocrx_word' id='word_1_433' title='bbox 813 2397 909 2418; x_wconf 83' lang='lat' dir='ltr'>weun</span> <span class='ocrx_word' id='word_1_434' title='bbox 937 2389 980 2419; x_wconf 77' lang='lat' dir='ltr'>ita</span> <span class='ocrx_word' id='word_1_435' title='bbox 1006 2397 1067 2418; x_wconf 92' lang='grc'><strong>11111·</strong></span> <span class='ocrx_word' id='word_1_436' title='bbox 1097 2384 1157 2418; x_wconf 85' lang='lat' dir='ltr'>auf</span> <span class='ocrx_word' id='word_1_437' title='bbox 1178 2387 1238 2419; x_wconf 90' lang='lat' dir='ltr'>den</span> <span class='ocrx_word' id='word_1_438' title='bbox 1265 2384 1344 2427; x_wconf 85' lang='lat' dir='ltr'>folg.</span> <span class='ocrx_word' id='word_1_439' title='bbox 1368 2386 1490 2418; x_wconf 87' lang='lat' dir='ltr'>Bedin-</span> 
     </span>
     <span class='ocr_line' id='line_1_60' title="bbox 812 2431 1490 2474; baseline -0.002 -10"><span class='ocrx_word' id='word_1_440' title='bbox 812 2436 989 2473; x_wconf 83' lang='lat' dir='ltr'>gungssatz</span> <span class='ocrx_word' id='word_1_441' title='bbox 1013 2431 1180 2474; x_wconf 82' lang='lat' dir='ltr'>hinweist,</span> <span class='ocrx_word' id='word_1_442' title='bbox 1205 2434 1259 2472; x_wconf 85' lang='lat'>38,</span> <span class='ocrx_word' id='word_1_443' title='bbox 1285 2434 1339 2471; x_wconf 84' lang='lat'>49,</span> <span class='ocrx_word' id='word_1_444' title='bbox 1358 2433 1378 2465; x_wconf 84' lang='lat'><strong>6</strong></span> <span class='ocrx_word' id='word_1_445' title='bbox 1397 2442 1429 2467; x_wconf 90' lang='grc'>11</span> <span class='ocrx_word' id='word_1_446' title='bbox 1449 2441 1490 2474; x_wconf 87' lang='lat' dir='ltr'>o.‚</span> 
     </span>
     <span class='ocr_line' id='line_1_61' title="bbox 813 2473 1489 2521; baseline 0.001 -12"><span class='ocrx_word' id='word_1_447' title='bbox 813 2477 882 2510; x_wconf 85' lang='lat' dir='ltr'>Pol.</span> <span class='ocrx_word' id='word_1_448' title='bbox 909 2475 949 2520; x_wconf 82' lang='grc' dir='ltr'>νὴ</span> <span class='ocrx_word' id='word_1_449' title='bbox 980 2475 1044 2510; x_wconf 71' lang='grc' dir='ltr'>Δί’</span> <span class='ocrx_word' id='word_1_450' title='bbox 1073 2473 1489 2521; x_wconf 68' lang='grc' dir='ltr'><em>ιιλλακαλλιον--εἴγε</em></span> 
     </span>
     <span class='ocr_line' id='line_1_62' title="bbox 812 2520 1488 2570; baseline -0.003 -13.991"><span class='ocrx_word' id='word_1_451' title='bbox 812 2520 863 2570; x_wconf 79' lang='grc' dir='ltr'>μὴ</span> <span class='ocrx_word' id='word_1_452' title='bbox 892 2528 954 2555; x_wconf 86' lang='lat' dir='ltr'>etc.</span> <span class='ocrx_word' id='word_1_453' title='bbox 985 2541 1020 2545; x_wconf 71' lang='lat'>-</span> <span class='ocrx_word' id='word_1_454' title='bbox 1052 2525 1136 2555; x_wconf 73' lang='lat' dir='ltr'>m‘lzzl</span> <span class='ocrx_word' id='word_1_455' title='bbox 1157 2525 1247 2565; x_wconf 56' lang='lat' dir='ltr'>host„</span> <span class='ocrx_word' id='word_1_456' title='bbox 1272 2522 1336 2565; x_wconf 83' lang='lat' dir='ltr'>die,</span> <span class='ocrx_word' id='word_1_457' title='bbox 1360 2522 1488 2555; x_wconf 85' lang='lat' dir='ltr'>welche</span> 
     </span>
     <span class='ocr_line' id='line_1_63' title="bbox 812 2556 1490 2610; baseline -0.003 -9"><span class='ocrx_word' id='word_1_458' title='bbox 812 2556 882 2601; x_wconf 82' lang='lat' dir='ltr'>sich</span> <span class='ocrx_word' id='word_1_459' title='bbox 917 2579 957 2600; x_wconf 85' lang='lat' dir='ltr'>an</span> <span class='ocrx_word' id='word_1_460' title='bbox 990 2568 1042 2601; x_wconf 85' lang='lat' dir='ltr'>die</span> <span class='ocrx_word' id='word_1_461' title='bbox 1080 2568 1197 2600; x_wconf 76' lang='lat' dir='ltr'>Riimer</span> <span class='ocrx_word' id='word_1_462' title='bbox 1232 2568 1490 2610; x_wconf 81' lang='lat' dir='ltr'>angeschlossen</span> 
     </span>
    </p>
   </div>
  </div>
 </body>
</html>
