1747 2841
201 115 258 157 26
650 114 775 147 LIBER
790 114 939 147 xxxv.
953 113 1046 146 CAP.
1069 116 1119 148 15.
1137 116 1188 148 16.

1475 120 1502 139 a.
1524 119 1553 139 ιι.
1572 112 1636 140 561.

204 230 287 257 non
316 230 430 257 causa
464 218 582 257 modo
616 217 860 268 superiorem
887 229 971 255 esse
990 216 1239 263 Antiochum,
1267 217 1373 267 quod
1397 216 1493 256 nihil
1517 216 1633 268 aequi

205 275 448 325 postularent
472 275 661 320 Romani,
701 274 767 312 sed
809 273 907 311 bello
948 285 1107 323 quoque
1133 278 1409 323 superaturum
1440 272 1636 312 credebat.

164 337 185 370 9
206 330 368 381 fugienti
397 331 478 381 regi
510 330 826 381 disceptationem
855 341 945 367 cum
974 329 1118 380 legatis,
1149 341 1218 367 seu
1247 329 1323 368 iam
1355 335 1514 380 experto
1546 341 1630 368 eam
1677 361 1682 365 .

205 387 338 425 minus
361 399 589 437 prosperam
611 399 679 424 sen
705 398 880 424 maerore
900 386 1045 424 recenti
1060 387 1239 431 confuso,
1254 387 1458 436 professus
1479 385 1630 424 Minnio

205 456 246 482 se
279 455 376 494 qnae
403 455 474 493 pro
508 456 621 481 causa
645 449 772 481 essent
795 442 991 480 dicturum
1013 442 1216 491 persuasit,
1248 447 1289 480 ut
1310 455 1331 480 a
1350 442 1540 492 Pergamo
1565 454 1636 480 ae->

129 507 186 546 16
206 505 454 538 cerserentlu·
471 499 593 550 legati.
622 500 702 537 Iam
724 498 1197 548 convalueratSulpicius3
1220 498 1348 548 itaque
1370 498 1485 537 ambo
1498 498 1633 548 Ephe-

206 568 295 594 sum
318 562 522 594 venerunt.
566 567 632 593 rex
653 568 673 593 a
697 555 895 594 Minnione
918 560 1135 600 excusatus,
1166 560 1202 592 et
1222 554 1380 593 ahsente
1413 566 1458 593 eo
1490 554 1548 605 agi
1568 566 1643 593 res

166 617 186 650 2
207 618 340 662 coepta
372 618 439 650 est.
477 612 529 649 ibi
552 618 777 661 praeparata
810 612 983 650 oratione
1013 611 1159 649 Minnio
1184 611 1386 661 „specioso
1409 611 1545 649 titulo“
1567 611 1633 648 in-

206 669 288 719 quit
318 668 398 715 „uti
430 681 511 713 vos,
539 668 716 714 Romani,
748 669 984 706 Graecarum
1014 667 1221 706 civitatium
1251 667 1541 705 liberandarum
1571 667 1632 705 vi-

206 725 292 771 deo,
323 724 391 762 sed
417 726 514 763 sacta
537 731 662 762 vestra
685 724 848 762 orationi
870 736 951 762 non
974 724 1226 770 conveniunt,
1258 729 1295 762 et
1313 723 1415 762 aliud
1438 723 1631 762 Antiocho

167 788 186 820 3
206 781 301 819 iuris
323 781 516 827 statuistis,
542 781 612 818 alio
635 781 708 830 ipsi
733 781 896 819 utimini.
928 781 994 831 qui
1017 781 1121 818 enim
1137 780 1257 831 magis
1270 779 1475 831 Zmyrnaei
1486 779 1633 830 Lamp-

207 837 415 887 sacenique
444 837 576 875 Graeci
605 843 695 875 sunt
725 849 842 887 quam
872 837 1109 887 Neapolitani
1142 843 1177 875 et
1204 836 1342 887 Regini
1362 843 1399 874 et
1420 835 1633 882 Tarentini,

166 900 223 931 43
256 893 399 943 quibus
430 893 678 943 stipendium,
706 906 726 931 a
755 893 897 944 quibus
928 906 1044 931 naves
1074 906 1120 931 ex
1148 893 1306 931 foedere
1341 890 1520 943 exigitis?
1560 904 1631 930 eur

207 950 419 1000 Syracusas
450 956 564 1000 atque
594 950 633 987 in
665 950 753 988 alias
778 950 925 988 Siciliae
948 950 1111 988 Graecas
1144 949 1260 988 urbes
1287 954 1507 999 praetorem
1530 960 1633 998 quo-

208 1006 333 1044 tannis
364 1018 452 1043 cum
480 1006 644 1056 imperio
677 1012 714 1044 et
744 1006 861 1056 virgis
889 1012 925 1044 et
955 1006 1158 1044 securibus
1188 1003 1368 1044 mittitis?
1405 1005 1500 1043 nihil
1530 1004 1633 1043 aliud

205 1064 382 1112 profecto
412 1062 542 1100 dicatis
567 1074 684 1112 quam
711 1062 828 1100 armis
854 1063 1043 1112 superatis
1075 1075 1142 1100 yos
1171 1062 1216 1100 iis
1240 1063 1307 1100 has
1328 1062 1430 1112 leges
1451 1061 1632 1111 imposu-

167 1125 186 1156 5
206 1118 294 1157 isse.
337 1118 499 1156 eandem
527 1119 572 1156 de
596 1119 774 1169 Zmyrna,
805 1119 1018 1168 Lampsaco
1044 1118 1351 1169 civitatibusque,
1385 1129 1483 1168 quae
1502 1117 1634 1156 Ioniae

165 1183 186 1214 6
207 1180 271 1213 aut
291 1174 460 1212 Aeolidis
491 1181 594 1217 sunt,
626 1187 781 1213 causam
804 1175 850 1212 ab
873 1175 1064 1213 Antiocho
1088 1175 1258 1225 accipite.
1308 1174 1408 1212 hello
1432 1180 1632 1224 superatas

206 1245 227 1269 a
250 1231 485 1270 maioribus.
516 1231 783 1281 stipendiarias
810 1244 852 1269 ac
883 1232 1082 1282 vectigales
1113 1233 1230 1269 factas
1261 1231 1301 1269 in
1335 1231 1540 1281 antiquum
1570 1230 1633 1268 ins

206 1287 362 1337 repetit:
386 1287 514 1337 itaque
536 1288 581 1325 ad
606 1287 698 1325 haec
723 1288 754 1325 ei
778 1288 1007 1337 responderi
1027 1288 1153 1333 velim,
1176 1288 1207 1325 si
1223 1299 1269 1325 ex
1290 1300 1415 1337 aequo
1439 1287 1632 1336 discepta-

164 1352 184 1383 7
204 1349 269 1382 tur
301 1349 337 1381 et
367 1355 448 1381 non
478 1343 566 1381 beili
598 1356 710 1381 cansa
743 1344 980 1393 (plaeriiurf
1030 1344 1075 1382 ad
1107 1356 1150 1381 ea
1170 1343 1365 1393 Sulpicius
1387 1343 1501 1390 „fecit
1520 1355 1632 1381 yere-

204 1443 356 1482 40ffi37,
377 1445 433 1482 15;
451 1445 480 1483 S,
498 1445 553 1476 17:
573 1444 882 1483 1o‚27:11,.34ff.:

202 1489 376 1520 sehlosser
413 1491 444 1528 2,
485 1490 517 1528 2,

202 1535 348 1575 confuso,
381 1545 406 1565 s.
436 1536 467 1574 6,
498 1536 551 1573 34,
583 1536 614 1567 S.
639 1552 673 1556 —
703 1546 766 1574 pro
797 1547 834 1577 c„
856 1546 882 1567 c.

207 1582 259 1619 16,
292 1582 321 1612 7.

253 1622 319 1660 16.
358 1627 454 1657 1—-1.
483 1635 647 1663 praepar„
683 1636 708 1656 c.
753 1626 807 1664 31,
843 1629 882 1659 4:

203 1672 258 1710 23,
277 1672 331 1710 43,
354 1672 380 1703 1.
399 1688 443 1692 —-
459 1681 536 1709 spec.
562 1672 621 1709 tit„
648 1670 698 1701 ein
722 1670 881 1711 gliinzon-

203 1716 260 1747 des
281 1715 579 1756 Aush'angcschild,
608 1717 661 1754 37,
690 1718 744 1755 54,
769 1718 818 1748 13.
838 1735 880 1738 —

201 1764 359 1793 statuistis
375 1761 462 1792 kann
489 1761 520 1791 in
545 1761 653 1801 Bezng
670 1762 729 1792 aus
751 1761 802 1793 die
825 1765 878 1802 534,

204 1809 246 1839 57
264 1806 293 1838 ff.
312 1807 615 1848 ausgcsprochcnen
644 1806 881 1848 Forderungen

203 1856 321 1893 gesagt
341 1851 429 1893 sein,
462 1851 484 1883 I.
513 1850 612 1883 Gron.
642 1862 742 1884 verm.
767 1864 787 1882 yx
798 1863 880 1893 egen

201 1900 338 1929 ‘utimini
371 1898 453 1928 auch
489 1900 637 1929 statuitis.
699 1898 763 1929 Das
802 1909 881 1929 yor—

200 1943 336 1983 hergeh.
373 1950 400 1974 ct
440 1943 555 1984 kniipl't
598 1943 658 1974 den
709 1943 788 1974 Satz
831 1944 880 1975 als

200 1987 304 2029 Folge
333 1989 398 2019 und
422 1987 613 2028 Erkliirung
641 1999 697 2019 an:
730 1990 795 2020 und
830 2000 878 2028 su,

200 2037 287 2065 statt
311 2034 369 2064 der
407 2033 673 2074 [⁷nte1‘oi·(lnung:
708 2034 825 2074 indem,
851 2045 877 2066 c.

205 2081 255 2111 15.
284 2082 323 2121 43
353 2081 406 2118 22,
435 2082 488 2118 54,
519 2082 550 2113 4.
586 2097 631 2101 —
663 2083 728 2120 qui,
762 2083 815 2119 36,
848 2083 877 2120 7,

202 2127 240 2165 73
262 2135 302 2155 zu
329 2126 382 2164 26,
413 2127 444 2164 3,
465 2128 494 2157 3.
518 2143 559 2146 ——
578 2127 711 2165 Zmyrn.
737 2127 877 2165 lampa,

201 2180 313 2201 waren
344 2170 440 2210 lange
469 2170 545 2202 Zeit
574 2169 637 2202 frei
665 2181 829 2211 gewcscn,
852 2183 877 2203 s.

200 2213 221 2255 ξ
255 2217 312 2257 1ος
340 2217 394 2254 33,
427 2217 479 2255 38,
512 2218 546 2253 1;
576 2215 618 2247 ib.
650 2220 710 2255 40;
738 2219 791 2256 35,
820 2219 876 2255 42,

201 2262 232 2299 2,
254 2261 318 2291 und
348 2262 463 2292 hatten
484 2260 565 2301 sich,
585 2262 635 2293 als
655 2262 702 2293 sic
723 2262 875 2294 Antioch.

199 2305 232 2336 in
268 2305 318 2337 die
358 2306 490 2338 friihere
526 2306 776 2349 Abhiingigkeit
812 2319 876 2339 yon

199 2349 320 2392 Syrien
366 2351 503 2392 hringen
556 2353 689 2392 wolltc,
733 2364 773 2385 an
824 2354 876 2386 die

198 2395 318 2427 Ro'mer
343 2407 408 2438 geu
419 2398 526 2437 eudet,
560 2398 626 2438 ygl.
644 2399 724 2440 App.
741 2399 815 2441 Syr.
843 2401 874 2440 6,

203 2440 268 2472 Pol.
322 2444 380 2482 16,
449 2445 500 2475 52.
555 2462 597 2466 —
647 2447 746 2484 Neap.
799 2448 874 2485 etc„

199 2486 365 2519 dieselben
406 2488 567 2531 Beispiele
612 2489 676 2521 wie
722 2492 775 2530 31,
819 2492 874 2530 29,

198 2531 264 2573 ygl.
302 2534 356 2573 36,
393 2536 447 2574 42,
491 2536 520 2567 2.
553 2552 596 2557 —
635 2538 777 2576 stipes-ui„
823 2536 875 2568 die

551 1491 611 1522 95:
642 1493 705 1530 ἕως
738 1492 814 1522 232.
840 1508 884 1512 -

953 1444 1036 1475 socii
1082 1444 1140 1475 der
1184 1443 1304 1475 Romer
1350 1443 1483 1475 zahlten
1536 1443 1633 1475 keine

953 1489 1106 1529 Steuern,
1130 1489 1272 1521 sondern
1298 1499 1360 1520 nur
1386 1490 1447 1521 den
1465 1488 1545 1520 Sold
1576 1490 1635 1521 der

952 1546 1017 1566 von
1038 1535 1135 1566 ihnen
1161 1534 1340 1576 gestellten
1357 1534 1520 1576 Truppen,
1547 1538 1634 1566 statt

953 1581 1052 1612 deren
1081 1580 1133 1611 die
1161 1579 1235 1611 hier
1262 1580 1327 1611 und
1353 1578 1374 1621 ξ
1402 1582 1419 1613 S
1446 1584 1632 1620 genannten

950 1626 1177 1666 griechischen
1215 1625 1331 1657 Stiidte
1368 1636 1408 1657 an
1456 1626 1513 1657 der
1553 1625 1634 1657 See-

950 1672 1046 1703 kiiste
1079 1671 1201 1703 Schiffe
1234 1672 1300 1702 und
1335 1670 1505 1703 Man-osen
1535 1671 1633 1703 stell-

950 1721 1018 1756 ten,
1062 1728 1086 1748 s.
1134 1718 1187 1757 36,
1233 1718 1288 1754 42,
1344 1716 1413 1754 1f.;
1454 1716 1633 1749 Mommsen

953 1761 1070 1794 Gesch.
1102 1763 1130 1794 d.
1161 1764 1239 1793 rom.
1273 1762 1369 1793 Mzw.
1401 1764 1478 1801 223,
1505 1762 1570 1794 wie
1598 1772 1632 1794 es

952 1808 984 1839 in
1014 1809 1116 1839 ihrem
1146 1806 1260 1839 foedus
1278 1808 1339 1839 mit
1357 1807 1438 1839 Rom
1463 1807 1632 1840 hestimmt

951 1864 1033 1893 war,
1065 1856 1119 1893 26,
1163 1855 1217 1893 39,
1253 1856 1281 1886 5.
1327 1872 1370 1875 —
1411 1856 1534 1892 dicatis,
1580 1853 1635 1885 ihr

950 1899 1054 1930 ko'nnt
1079 1899 1162 1930 doch
1193 1899 1314 1940 gewiss
1351 1909 1412 1930 nur
1447 1909 1559 1940 sagea.
1590 1917 1631 1922 —

950 1948 1039 1986 ἱερᾶς,
1068 1947 1121 1983 31,
1153 1947 1204 1984 11,
1229 1946 1277 1977 17.
1304 1963 1348 1967 -—
1374 1947 1445 1976 Ion.
1471 1957 1500 1977 a.
1526 1947 1629 1986 Aeol,

951 1990 1058 2029 Milet,
1088 1990 1248 2032 Ephesus,
1279 1989 1496 2031 Alexandria,
1523 1989 1630 2023 Troas

950 2047 980 2067 u.
1007 2046 1036 2067 a.

996 2084 1094 2114 5—6.
1121 2083 1158 2113 de
1174 2081 1207 2112 in
1230 2081 1365 2121 Betrefl',
1385 2091 1480 2113 wenn
1508 2091 1542 2113 es
1560 2081 1631 2114 sich

948 2127 1085 2158 handelt
1112 2138 1164 2158 uin
1183 2138 1214 2158 u.
1235 2138 1260 2158 s.
1279 2137 1321 2158 w.
1339 2145 1380 2148 —
1400 2138 1538 2167 causam,
1567 2127 1630 2160 den

949 2171 1063 2204 Gruud
1087 2173 1144 2204 des
1159 2172 1376 2205 Yerfahrens.
1393 2191 1437 2194 —
1450 2175 1526 2205 bello
1546 2184 1629 2214 sup„

949 2220 1003 2257 34,
1033 2220 1087 2257 55,
1118 2217 1169 2251 4f.
1199 2236 1243 2241 ——
1266 2231 1284 2250 (ι
1308 2221 1432 2258 maior„
1459 2218 1626 2260 Seleucus,

946 2274 970 2295 s.
1002 2265 1056 2303 33,
1088 2265 1141 2302 35,
1174 2265 1200 2297 1.
1227 2283 1269 2286 —
1303 2267 1436 2303 stipend.
1475 2276 1511 2297 ao
1541 2271 1628 2305 vect„

947 2311 1001 2349 31,
1040 2311 1093 2349 31,
1127 2310 1156 2341 9.
1194 2327 1238 2332 -—
1270 2313 1369 2351 amc'q.
1411 2313 1472 2349 ius,
1511 2321 1535 2342 s.
1572 2311 1627 2350 33,

951 2357 1001 2393 10,
1032 2356 1070 2396 63
1103 2357 1157 2395 34,
1186 2358 1239 2395 57,
1268 2357 1296 2389 S.
1327 2374 1369 2377 —
1395 2366 1432 2387 ex
1454 2367 1533 2398 aeq„
1551 2365 1628 2387 vom

945 2400 1172 2442 Standpunkte
1201 2402 1259 2433 der
1284 2400 1453 2442 Billigkeit
1478 2411 1547 2441 auS,
1571 2402 1626 2441 37,

948 2447 1000 2485 36,
1036 2448 1064 2479 5.

993 2493 1115 2525 7-10,
1144 2496 1326 2531 verecunde,
1347 2502 1384 2524 er
1408 2493 1524 2524 scheut
1543 2491 1625 2532 sich,

946 2547 982 2568 so
1009 2537 1118 2578 wenig
1144 2537 1414 2570 Ssichhaltendes
1453 2537 1560 2570 selbst
1586 2547 1628 2569 zu
