1747 2841
151 137 178 156 a.
198 128 248 156 Ch.
272 130 330 158 190.

616 129 741 163 LIBER
764 130 945 165 XXXVII.
970 130 1062 164 CAP.
1081 132 1110 165 S.

1505 132 1583 174 171

157 234 326 273 hiemem
358 233 518 272 liberam
551 234 590 272 in
614 240 820 284 apparatus
844 233 1037 273 terrestris
1062 233 1355 284 maritimosque
1374 234 1582 282 habuisset,

153 291 264 329 classi
286 302 467 329 maxume
490 290 749 340 reparandae,
778 303 826 329 ne
849 296 926 329 tota
950 290 1066 329 maris
1088 290 1339 340 possessione
1362 291 1581 340 pelleretur,

150 347 323 386 intentus
345 348 362 384 s
363 352 478 385 uerat.

529 346 781 385 succurrebat
806 353 1032 397 superatum
1059 358 1120 392 se,
1152 358 1242 384 cum
1266 346 1396 384 classis
1421 347 1582 386 afuisset
1601 355 1620 386 2

152 402 420 448 Rhodiorum3
444 402 584 452 quodsi
607 415 650 441 ea
672 415 832 453 qnoque
852 426 905 430 —
932 415 1004 442 nec
1026 402 1307 441 commissuros
1331 402 1517 449 Rhodios,
1539 411 1581 442 ut

149 458 291 497 iterum
314 464 563 497 morarentur
586 481 639 486 —
663 459 862 498 certamini
886 459 1046 504 adesset,
1071 470 1211 509 magno
1233 459 1305 497 sibi
1320 459 1475 497 navium
1489 457 1579 512 :nu-

153 527 262 553 mero
294 526 394 566 opus
417 516 512 560 fore,
542 521 582 553 ut
614 515 760 554 viribus
783 522 819 554 et
843 515 1107 566 magnitudine
1130 515 1290 554 classem
1318 515 1490 554 hostium
1514 528 1578 555 ae-

150 577 299 621 quaret.
348 571 476 621 itaque
508 578 543 610 et
566 572 821 611 Hannibalem
852 572 892 610 in
914 571 1065 622 Syriam
1095 572 1249 610 miserat
1269 571 1314 610 ad
1338 571 1580 611 Phoenicum
1600 578 1618 610 3

150 627 405 666 accersendas
427 640 556 674 naves,
578 635 611 667 et
627 628 917 679 Polyxenidam,
942 640 1019 678 quo
1046 628 1176 666 minus
1192 640 1379 678 prospere
1396 636 1457 667 res
1476 635 1580 679 gesta

150 690 242 730 erat,
273 696 318 722 eo
344 684 496 723 enixius
519 693 552 723 et
578 697 652 730 eas,
684 697 783 735 quae
803 690 924 730 er,ant
957 684 1116 722 ieticere
1137 690 1174 722 et
1194 684 1284 722 alias
1306 696 1441 734 parare
1462 696 1579 725 naves

148 740 273 779 iussit.

326 740 410 791 ipse
441 741 479 779 in
510 741 677 803 Plnygia
710 741 946 784 hibeinavit,

989 741 1163 790 undique
1195 740 1333 778 auxilia
1364 753 1578 781 accersens.
1598 748 1619 780 4

149 796 264 835 etiam
286 797 325 835 in
343 797 459 836 Gallo·
452 810 564 848 grzaei
567 798 639 836 iam
665 798 837 836 miseiat:
859 796 1121 835 bellicosiores
1144 809 1186 835 ea
1208 802 1435 847 tempestate
1459 805 1579 844 erant,

152 852 316 891 Gallicos
343 853 481 899 adhuc,
510 853 687 892 nondum
712 853 860 892 exoleta
881 854 1000 904 stirpe
1024 853 1159 904 gentis,
1189 859 1387 892 servantes
1412 854 1577 893 animos.

152 909 275 947 tilium
300 910 505 948 Seleucum
526 910 565 948 in
582 910 739 948 Aeolide
762 910 971 960 reliquerat
991 922 1081 948 cum
1104 910 1276 948 exercitu
1297 910 1343 948 ad
1368 911 1578 949 maritimas
1599 920 1617 950 5

150 966 405 1005 continendas
429 965 558 1010 urbes,
578 978 675 1016 quas
697 966 801 1004 illinc
824 979 844 1004 a
866 966 1055 1016 Pergamo
1080 967 1290 1011 Eumenes,
1317 966 1407 1004 hinc
1430 980 1450 1005 a
1471 967 1578 1005 Pho-

148 1033 237 1060 caea
266 1019 522 1073 Erythrisque
552 1022 718 1061 Romani
749 1023 1014 1061 sollicitabant.

1083 1023 1215 1061 classis
1243 1023 1441 1070 Romana,
1477 1024 1577 1062 sicut
1598 1033 1616 1064 6

149 1083 239 1117 ante
259 1078 405 1117 dictum
427 1085 494 1125 est,
517 1079 563 1117 ad
587 1080 709 1117 Canas
737 1079 984 1126 hibernabat3
1006 1092 1051 1117 eo
1073 1079 1199 1117 media
1232 1080 1356 1117 ferme
1371 1079 1498 1118 hieme
1510 1093 1577 1119 rex

148 1134 346 1173 Eumenes
370 1147 461 1173 cum
486 1135 641 1173 duobus
666 1135 821 1174 milibus
844 1136 1030 1187 peditum,
1052 1135 1248 1186 equitibus
1271 1135 1492 1186 quingentis
1510 1149 1576 1175 ve-

149 1191 217 1229 nit.
259 1191 290 1229 is
337 1203 427 1229 cum
449 1204 627 1242 magnam
654 1192 837 1242 praedam
870 1192 928 1243 agi
952 1205 1067 1243 posse
1090 1192 1249 1230 dixisset
1268 1204 1314 1230 ex
1338 1204 1429 1242 agro
1452 1193 1576 1232 hosti—
1598 1203 1615 1233 τ

148 1259 229 1294 um,
251 1247 317 1298 qui
339 1248 439 1286 circa
449 1248 673 1299 Thyatiram
696 1254 807 1295 esset,
825 1248 1017 1288 hortando
1031 1248 1201 1299 perpulit
1211 1248 1379 1294 Livium,
1405 1250 1576 1300 utqnin-

146 1315 224 1354 que
244 1304 348 1343 milia
369 1304 534 1343 militum
557 1317 691 1343 secum
715 1306 894 1344 mitteret.
927 1305 1034 1343 missi
1054 1305 1252 1356 ingentem
1274 1305 1458 1355 praedam
1478 1305 1578 1345 intra

145 1459 218 1490 sich
247 1469 287 1491 au
312 1461 373 1498 36,
414 1462 476 1497 45,
513 1460 531 1492 8
557 1469 610 1492 au.
648 1477 693 1482 —
729 1462 830 1501 liber„

147 1506 201 1544 22,
237 1506 291 1545 60,
327 1506 365 1537 9:
399 1517 469 1538 cum
493 1512 611 1537 noctem
635 1507 765 1537 liberam
789 1509 833 1538 ad

144 1552 373 1591 erumpendum
422 1552 611 1582 habuissent.
663 1570 705 1573 —
754 1563 826 1584 suo-

144 1607 242 1637 curr„
270 1595 335 1637 vgl.
363 1597 394 1635 2,
428 1598 482 1635 38,
510 1599 548 1628 5:
574 1599 660 1628 illud
674 1608 737 1628 non
755 1609 827 1630 suo-

145 1644 269 1681 currit,·
294 1641 337 1674 ib.
359 1643 413 1681 40,
446 1643 484 1681 73
511 1643 542 1682 6,
573 1643 623 1681 12,
645 1644 664 1674 2
684 1653 712 1673 u.
737 1653 764 1673 a.
786 1660 828 1664 --

143 1689 276 1727 viribus,
303 1687 514 1728 Bemauuuug
533 1687 598 1718 uud
618 1687 827 1729 Ausriistuug

143 1733 204 1765 der
223 1713 356 1764 Schill'e
377 1751 418 1755 —
437 1734 642 1772 Phoechum
668 1743 693 1765 s
716 1736 825 1774 c.15;

145 1775 745 1832 233Appian514vmssav30reuez
765 1758 825 1813 &ni

144 1827 287 1871 Συρίας
314 1822 350 1862 ἐς
368 1824 459 1857 τεῶν
481 1820 543 1856 ι’ίλ)
534 1836 602 1857 ww
620 1824 657 1858 ἔκ
674 1836 712 1858 τε
734 1827 827 1857 Φοι-

144 1872 246 1911 νίκης
280 1881 339 1902 και
373 1870 542 1907 Κακίας
577 1868 825 1921 παρασκευήν.

144 1914 308 1956 Obgleich
331 1914 514 1947 Antiochus
539 1915 649 1947 seiuer
668 1915 824 1956 Tochter,

143 1972 169 1993 s.
189 1971 217 1992 c
240 1961 271 2001 3,
290 1961 322 2000 9,
341 1960 393 1992 die
412 1959 592 1993 Eiukiiufte
611 1961 825 2004 Co'lesyriens

143 2006 336 2038 iiberlasseu
357 2006 425 2047 hat,
453 2016 479 2037 s.
499 2008 553 2047 35,
576 2008 628 2047 13,
647 2009 679 2047 4,
698 2018 735 2038 so
753 2017 826 2038 war

144 2062 182 2084 er
208 2051 290 2083 doch
316 2051 349 2082 in
378 2051 449 2083 dem
463 2051 592 2084 Besitze
618 2053 674 2084 des
696 2052 824 2085 Laudes

143 2096 330 2139 geblieben,
357 2106 382 2127 S.
409 2098 462 2136 31,
489 2100 544 2138 43,
571 2100 600 2131 5.

189 2145 289 2177 4-5,
317 2143 478 2184 Plcryqia,
506 2154 531 2175 5.
557 2153 583 2174 e.
612 2145 666 2183 54,
699 2144 750 2176 11.
783 2163 823 2168 —

141 2190 351 2227 bellicosior.,
394 2187 443 2219 als
480 2187 513 2219 iu
537 2189 690 2231 spiiterer
728 2188 824 2229 Zeit3

144 2234 229 2265 uach
253 2232 387 2275 Pomm
414 2232 532 2265 auders
558 2235 641 2266 uach
670 2234 731 2266 deu
753 2234 823 2266 An·-

143 2278 300 2319 nalisteu,
326 2289 350 2310 s.
383 2279 437 2317 38,
471 2281 530 2320 17,
558 2281 599 2321 9,
628 2279 669 2311 ib.
696 2281 758 2319 46,
787 2283 824 2322 1;

141 2326 206 2365 49,
245 2327 283 2364 43
321 2324 378 2355 das
408 2322 567 2356 Priidicat
599 2325 644 2357 ist
676 2323 737 2357 auf
768 2325 821 2357 die

142 2370 326 2402 Bewohuer
340 2369 397 2401 des
413 2375 597 2409 genauuteu
620 2370 749 2402 Laudes
766 2370 824 2402 be-

140 2425 256 2456 zogen.
273 2433 315 2438 —
329 2416 442 2455 adhuc,
461 2418 515 2455 27,
534 2418 584 2456 13,
608 2418 637 2448 7.
656 2433 701 2437 —
716 2419 825 2456 stirpe,

140 2460 194 2492 die
221 2460 515 2501 aingem-anderten
539 2460 678 2493 Gallier.
698 2479 740 2484 —-
757 2473 825 2493 eer-

138 2513 260 2546 euntes,
271 2505 465 2544 attributiv,
477 2506 557 2538 oder
564 2518 633 2538 cum
643 2514 807 2540 servarent
819 2516 827 2549 3

141 2551 201 2583 der
237 2561 341 2593 ganze
377 2549 534 2583 Gedauke
567 2552 611 2584 ist
644 2553 826 2594 parenthe-

900 1460 1005 1503 tisrh3
1041 1459 1092 1491 die
1126 1459 1338 1500 Aufz'ahluug
1363 1460 1420 1492 der
1448 1460 1580 1493 Auord-

900 1516 1029 1546 nuugeu
1058 1505 1137 1545 geht
1157 1506 1175 1545 ξ
1195 1508 1214 1538 5
1237 1505 1364 1537 weiter.
1383 1523 1422 1527 —
1439 1508 1580 1546 Aeolid„

899 1562 939 1582 zu
977 1562 1002 1584 c.
1041 1553 1102 1590 25,
1141 1553 1179 1590 2,
1217 1552 1279 1589 35,
1327 1553 1376 1584 10.
1423 1569 1465 1574 —
1510 1555 1578 1585 urb.

898 1600 1023 1636 Μανῆ-,-
1067 1596 1119 1628 die
1146 1598 1207 1636 35,
1242 1598 1306 1636 42,
1346 1598 1364 1629 2
1393 1602 1579 1637 genannten

898 1642 1004 1674 haben
1035 1641 1107 1673 sich
1125 1642 1207 1673 uoch
1227 1641 1318 1672 nicht
1336 1642 1576 1683 unterworfeu,

897 1698 922 1720 5.
949 1698 977 1720 c.
1008 1689 1058 1726 16,
1089 1689 1124 1729 13
1145 1685 1308 1727 Phocaea,
1326 1686 1497 1730 Erythrae
1514 1689 1579 1720 und

897 1734 1019 1766 audere
1046 1732 1182 1773 Stfidte,
1217 1743 1242 1764 s.
1271 1743 1298 1764 c.
1332 1734 1390 1773 11,
1423 1735 1463 1767 14
1506 1734 1578 1766 siud

898 1789 963 1810 von
978 1779 1039 1811 den
1054 1778 1193 1810 Rb‘meru
1209 1788 1401 1820 gewouuen.
1432 1781 1577 1819 Eamen„

897 1825 1006 1856 dieser
1042 1824 1155 1856 besass
1194 1824 1317 1856 bereits
1351 1823 1446 1857 einen
1485 1824 1581 1858 Theil

897 1871 955 1902 der
981 1869 1180 1902 Aeolischeu
1207 1868 1337 1902 Stfidte.

943 1917 1042 1949 6—7.
1070 1922 1143 1947 ame
1167 1916 1252 1955 dz'ct.,
1280 1926 1316 1946 so
1342 1913 1390 1946 oft
1412 1915 1465 1947 bei
1487 1915 1513 1947 L
1528 1941 1536 1955 ,
1555 1926 1580 1948 5.

896 1972 923 1992 e.
943 1963 975 2001 6,
1002 1964 1040 2001 4;
1069 1963 1122 2000 41,
1153 1962 1190 1999 83
1218 1962 1272 2000 38,
1303 1963 1335 2000 6,
1367 1962 1501 2003 1u.a.;
1527 1961 1581 1993 bei

895 2007 1050 2039 Andereu
1076 2006 1168 2038 mehr
1193 2017 1295 2046 supra
1318 2008 1435 2038 dictum
1459 2013 1512 2038 est.
1538 2025 1581 2029 ——

896 2055 1016 2092 Canas,
1052 2053 1114 2094 36,
1151 2053 1214 2090 45,
1254 2052 1283 2084 8.
1310 2068 1354 2073 --
1380 2053 1580 2093 Thyatiram,

895 2097 1016 2130 b'stlich
1046 2107 1110 2128 von
1137 2096 1352 2137 Pergamum,
1376 2096 1401 2136 j.
1431 2097 1581 2130 Ak-His-

894 2154 962 2183 sar,
997 2143 1046 2175 als
1074 2142 1182 2174 femin.
1207 2142 1292 2173 auch
1317 2152 1343 2173 c.
1373 2144 1426 2182 37,
1454 2144 1492 2183 6;
1522 2144 1576 2183 38,

899 2191 935 2229 13
961 2190 1017 2229 44,
1045 2190 1084 2227 43
1110 2188 1260 2228 dagegeu
1284 2186 1446 2219 Neutrum
1475 2198 1501 2220 c.
1525 2190 1580 2228 21,

896 2237 915 2267 5
931 2234 995 2265 wie
1015 2232 1149 2275 polyb:
1171 2232 1215 2264 τὰ
1233 2229 1425 2275 Θυάτειρα,
1444 2233 1511 2274 vgl.
1525 2236 1579 2274 24,

896 2281 959 2319 30,
1001 2280 1041 2311 9:
1076 2280 1235 2320 Meyara5
1270 2278 1390 2310 ebeuso
1419 2279 1581 2311 weehselt

895 2324 949 2356 bei
976 2323 1114 2356 Tacitus
1135 2326 1317 2364 Ar3taxata
1343 2326 1579 2365 Tiqranocerta,

896 2370 962 2412 vgl.
989 2369 1080 2401 Neue
1120 2371 1148 2411 1,
1175 2370 1255 2404 498.
1310 2368 1432 2400 Strabo
1465 2372 1516 2409 13,
1552 2371 1579 2410 1,

896 2419 955 2458 41).
977 2417 1061 2448 625:
1088 2410 1282 2458 Θιατειρα,
1303 2417 1469 2447 κατοικία
1489 2418 1581 2448 Μα-

895 2457 1060 2494 κεδόιων
1086 2478 1130 2482 —
1161 2460 1337 2502 διέχουσα
1374 2456 1579 2514 Περγάμου

896 2508 1131 2551 τριακοσίους
1183 2505 1358 2543 σταδίοις
1405 2506 1490 2544 τοὺς
1538 2506 1579 2540 δὲ

898 2554 1000 2590 ἴσοις
1025 2553 1084 2584 καὶ
1116 2551 1191 2585 τῶι
1217 2549 1401 2598 Σάρδεων.
