1747 2841
141 154 177 172 a.
198 145 248 173 ch.
271 146 330 173 192.

610 146 734 180 LIBER
763 147 910 180 XXXV.

946 147 1038 180 CAP.
1065 151 1118 183 42.
1517 150 1574 192 69

145 261 200 289 an
223 250 385 288 omnino
408 249 618 288 mittendus
640 257 751 295 esset,
773 251 1000 289 consultatio
1026 257 1128 289 mota
1152 257 1219 297 est,
1243 252 1410 290 maxime
1429 253 1570 291 aTlio-

148 312 239 345 ante
261 305 408 350 Aetolo,
430 306 496 356 qui
517 306 700 345 omnibus
723 307 761 345 in
775 307 930 345 Graecia
954 307 1121 345 tumultu
1144 307 1344 358 completis
1356 309 1570 348 Demetria-

150 362 241 401 dem
273 361 469 400 adferebat
496 362 536 400 in
564 368 750 412 potestate
783 375 866 401 6556
897 369 944 409 et,
977 363 1119 413 quibus
1151 364 1360 402 mendaciis
1390 364 1437 402 de
1466 377 1568 416 rege,
1590 373 1609 404 5

150 418 443 469 multiplicando
474 418 602 457 verbis
630 419 760 469 copias
791 419 885 464 eius,
917 425 1090 458 erexerat
1116 420 1329 458 inultorum
1352 420 1391 458 in
1415 421 1570 459 Graecia

148 474 314 521 animos,
335 473 458 512 isdem
481 481 516 512 et
536 475 636 525 regis
658 488 767 525 spcni
788 474 963 513 inflabat:
985 475 1161 514 omnium
1184 476 1281 514 votis
1303 489 1393 515 eum
1414 477 1570 523 accersi,

149 542 389 569 concursum
419 530 464 568 ad
497 531 620 569 littora
644 533 834 577 futurum,
866 531 969 570 unde
994 531 1154 570 classem
1178 533 1322 582 regiain
1343 533 1569 583 prospexis-

150 592 248 625 sent.
280 586 340 624 1116
369 586 472 624 idem
493 599 612 625 3115115
633 587 679 625 (16
702 587 913 626 Hannibale
935 593 991 626 est
1014 600 1172 626 movere
1194 589 1424 627 sententiam
1446 594 1608 640 prope-6

146 642 227 681 iam
267 648 409 681 certam
447 643 558 693 regis.

618 656 708 682 nam
734 655 861 694 neque
892 643 1155 682 dimittendam
1184 650 1332 694 partem
1360 645 1518 683 navium
1549 658 1568 683 a

148 699 270 737 classe
298 699 400 749 regia
431 699 622 745 censebat,
654 711 792 750 neque,
821 700 853 737 si
886 699 1092 738 mittendae
1123 712 1239 739 naves
1267 702 1407 746 forent,
1438 702 1569 740 minus
1591 709 1607 739 7

148 766 390 805 quemquam
421 755 454 793 ei
481 755 597 794 classi·
621 768 737 806 quain
769 755 1022 794 Hannibalem
1053 756 1374 807 praeficiendum:

1416 757 1568 796 exulem
1589 764 1607 796 S

147 811 258 849 illum
280 817 317 850 et
338 811 514 849 Poenum
540 824 635 857 esse,
658 812 719 849 cui
742 812 843 850 mille
865 813 905 850 in
927 812 1007 850 dies
1028 824 1129 851 nova
1152 813 1310 851 consilia
1330 814 1390 852 vel
1411 815 1566 853 fortuna

144 879 217 906 sua
248 868 308 906 vel
330 867 530 918 ingenium
552 873 683 918 posset
703 870 840 915 facere,
872 875 908 907 et
929 869 1052 919 ipsam
1075 881 1156 907 eam
1181 869 1340 919 gloriam
1363 869 1462 916 belli,
1493 882 1568 920 qua
1588 879 1607 911 9

149 924 255 962 velut
285 924 373 962 dote
395 924 586 962 Hannibal
614 924 852 970 concilietur,
882 925 1040 963 nimiam
1064 925 1103 963 in
1127 927 1320 976 praefecto
1344 926 1448 977 regio
1473 938 1569 965 esse.

146 992 279 1031 regem
312 980 496 1030 conspici,
522 992 652 1031 regem
677 992 799 1018 unum
824 981 976 1027 ducein,
1005 993 1130 1019 unum
1153 982 1427 1032 imperatorem
1449 982 1572 1021 videri

149 1035 303 1075 debere.

354 1036 385 1074 si
412 1036 585 1082 classem,
612 1036 644 1074 si
673 1037 884 1075 exercitum
914 1038 1059 1076 amittat
1078 1038 1280 1084 Hannibal,
1309 1038 1413 1076 idem
1439 1038 1571 1077 damni
1592 1039 1631 1071 10

148 1095 245 1138 fore,
265 1104 308 1130 ac
328 1092 360 1130 si
379 1104 449 1142 per
470 1092 587 1131 alium
609 1093 747 1131 ducem
771 1094 1015 1139 amittantur,
1038 1094 1069 1132 si
1092 1094 1184 1145 quid
1208 1106 1395 1145 prospere
1410 1095 1570 1142 eveniat,

146 1148 373 1187 Hannibalis
398 1160 494 1195 63111,
514 1161 595 1187 11011
615 1149 794 1187 Antiochi
815 1150 975 1200 gloriam
996 1152 1102 1196 fore;
1127 1150 1261 1189 sivero
1274 1151 1457 1189 universo
1470 1150 1569 1189 bello
1592 1151 1630 1184 11

147 1205 329 1244 vincendi
351 1205 550 1243 Romanos
580 1207 737 1243 fortuna
768 1206 892 1253 detur,
924 1218 1038 1256 quam
1067 1219 1177 1257 spem
1198 1219 1282 1245 esse
1302 1207 1375 1258 sub
1398 1219 1487 1258 rege
1510 1207 1569 1247 vi-

145 1341 187 1378 4,
214 1349 253 1370 zu
281 1349 306 1369 6.
338 1339 399 1378 37,
426 1340 456 1371 2.
482 1356 526 1360 -
550 1350 591 1370 an
620 1355 659 1361 —
685 1345 772 1379 esset,
798 1349 824 1371 5.

148 1386 204 1423 31,
230 1385 285 1424 48,
313 1385 349 1423 6,
376 1385 430 1423 36,
458 1385 509 1419 17,
540 1385 650 1416 11.-
669 1390 752 1415 mota
769 1391 822 1423 cst,

132 1439 174 1461 ‘S-
203 1430 257 1465 32,
283 1430 336 1469 40,
368 1430 402 1469 1;
429 1431 460 1468 5,
489 1430 542 1462 24,
570 1431 654 1461 7.-
674 1432 825 1467 Thoante,

146 1475 208 1507 der
233 1474 304 1506 also
331 1474 403 1506 6136
428 1474 548 1505 zweite
569 1473 826 1506 Gesandtschaft

147 1530 189 1551 zu
213 1519 399 1551 Antiochus
429 1519 463 1550 in
496 1519 568 1550 dem
593 1519 693 1551 Jahre
726 1520 825 1551 iiber-

147 1574 297 1597 nommen
321 1565 398 1604 hat,
424 1575 449 1596 s.
477 1575 504 1595 6.
524 1566 593 1605 32,
617 1566 657 1605 S,
694 1565 774 1607 A.pp
802 1565 824 1596 l.

147 1610 188 1642 l.:
231 1606 411 1654 Ἀντιόχῳ
451 1606 482 1642 (5²
518 1608 608 1653 ἡκρι
645 1611 826 1644 Αἰτο))ῶι’

147 1658 330 1708 πρέσβεις,
360 1655 412 1689 ὡν
440 1651 537 1692 Θόας
564 1656 688 1708 ἠρχει,
716 1656 825 1689 αὐτο-

149 1697 311 1747 κράτορά
348 1712 385 1734 τε
412 1710 573 1747 στρατη)
577 1698 619 1734 ὸν
645 1702 826 1734 Atro-,Mb

146 1733 208 1780 'Az
202 1749 341 1791 τίοχον
366 1743 587 1800 ἀποφαίνω
590 1758 646 1784 τες
662 1749 724 1779 καὶ
744 1747 825 1779 δια-

150 1794 260 1826 πλεῖν
297 1792 333 1829 ἐς
360 1789 426 1834 τὴν
445 1787 609 1824 Ελλάδα
634 1787 704 1834 ήδη
732 1805 825 1837 προ-

147 1839 348 1874 καλοῦιτες
375 1841 500 1869 616-
528 1840 643 1869 omnib.
654 1841 827 1877 —conzpl..

149 1883 311 1915 wahrend
330 1882 423 1914 Alles
441 1900 483 1906 -
501 1882 561 1922 561,
582 1883 667 1914 habe
692 1893 766 1915 man
783 1901 825 1905 -—

150 1938 342 1970 gewonuen.
374 1948 410 1952 —
438 1931 474 1960 in
492 1935 558 1967 pot.
588 1939 617 1959 11.
643 1940 721 1969 sua,
748 1929 828 1960 oder

149 1974 336 2016 iiberhaupt
360 1973 418 2005 der
440 1972 720 2014 kriegfiihrenden
742 1973 826 2005 Par-

151 2019 211 2059 tei,
238 2020 292 2058 25,
317 2020 372 2059 20,
404 2021 434 2052 2.
459 2036 504 2041 —
529 2022 565 2051 de
589 2031 659 2061 reye
675 2037 720 2042 —-
747 2023 825 2059 eius,

150 2075 177 2096 c.
207 2066 258 2104 12,
288 2065 338 2097 14.
358 2082 403 2086 —-
425 2067 604 2104 miultiplie„
630 2065 827 2096 erkliirende

151 2109 360 2152 Appositi0n‚
386 2120 411 2141 s.
442 2111 473 2150 6,
501 2111 555 2150 20,
581 2111 618 2149 83
648 2111 677 2150 1,
706 2112 758 2147 56,
788 2111 827 2149 23

150 2156 207 2195 24,
234 2156 288 2194 33,
311 2157 330 2187 2
354 2166 388 2187 u.
413 2165 442 2186 a.
469 2172 510 2177 —
535 2157 661 2197 inflab„
685 2166 710 2187 5.
737 2155 828 2187 Curt.

152 2202 184 2240 3,
213 2203 243 2240 5,
273 2202 330 2233 10:
361 2203 555 2240 purpuratis
576 2203 669 2234 solita
692 2203 829 2233 vanitate

143 2256 236 2286 apem
265 2247 476 2287 inflamma&
502 2245 537 2278 L.
562 2247 616 2287 37,
647 2248 698 2286 12,
726 2249 757 2280 4.

199 2336 297 2369 6—9.
322 2346 463 2377 movere,
490 2336 654 2368 wankend
679 2337 826 2376 macheu,

152 2381 290 2421 andern,
312 2381 379 2422 vgl.
402 2391 428 2412 6.
450 2383 504 2422 40,
523 2383 561 2421 75
587 2383 641 2421 34,
668 2384 722 2421 54,
749 2384 827 2415 8.-

151 2437 252 2467 meque
278 2444 321 2448 —
353 2429 479 2467 minus,
518 2426 645 2459 keinem
680 2426 828 2467 weniger

148 2486 197 2498 =
210 2470 322 2512 jedem
345 2472 490 2504 anderen
514 2473 603 2511 61161,
630 2472 698 2514 vgl.
726 2483 751 2503 6.
774 2474 826 2512 13,

148 2519 191 2548 7:
227 2528 293 2549 mon
317 2519 427 2559 Μαρὰν.
446 2535 489 2539 -
515 2520 618 2558 mille,
644 2519 675 2558 3,
709 2519 760 2558 14,
790 2520 828 2557 43

151 2562 208 2602 29,
237 2563 288 2603 18,
316 2565 354 2603 73
381 2564 436 2603 21,
463 2564 516 2603 43,
545 2564 596 2596 18.
623 2581 665 2586 —
684 2565 830 2605 fortuna

893 1339 973 1379 geht
1001 1338 1062 1371 aus
1082 1342 1221 1372 exulem:
1258 1340 1329 1371 dem
1355 1339 1571 1372 Verbannten

893 1384 942 1416 sei
971 1384 1061 1415 nicht
1093 1395 1133 1416 zu
1169 1389 1285 1417 tranen
1330 1388 1493 1427 inqenium
1515 1383 1575 1417 auf

894 1431 1051 1462 Poenum:
1077 1430 1143 1461 und
1161 1431 1244 1461 noch
1270 1431 1352 1462 dazu
1371 1431 1424 1462 ein
1444 1430 1490 1468 P„
1516 1431 1569 1462 die

886 1478 971 1515 fides
1002 1477 1135 1507 Punica.
1160 1494 1201 1498 -
1226 1488 1284 1508 sna
1316 1475 1376 1508 auf
1395 1479 1448 1508 eui
1469 1476 1570 1508 bezo-

894 1530 967 1561 gen,
993 1531 1019 1552 5.
1045 1521 1097 1560 38,
1125 1522 1178 1560 32,
1207 1523 1243 1559 ὃς
1269 1523 1322 1561 25,
1350 1523 1404 1559 24,
1434 1523 1473 1555 13
1493 1532 1523 1553 u.
1541 1531 1570 1553 a.

894 1568 997 1605 ipsam
1021 1578 1107 1605 eam,
1146 1567 1185 1606 9,
1224 1568 1281 1606 17,
1316 1569 1353 1599 7:
1390 1569 1477 1606 ‘Ipsos
1501 1576 1570 1607 e033

896 1612 956 1651 21,
985 1613 1043 1651 26,
1071 1613 1108 1650 73
1134 1613 1188 1651 42,
1217 1613 1270 1649 21,
1300 1613 1337 1651 83
1369 1611 1412 1643 ib.
1447 1613 1501 1652 25,
1531 1615 1570 1645 4:

894 1658 957 1696 43,
992 1658 1054 1696 22,
1084 1658 1122 1695 2;
1167 1660 1228 1696 45,
1257 1658 1396 1698 39,16.
1422 1675 1466 1679 —
1489 1660 1572 1690 velut

895 1704 962 1733 dote
995 1719 1040 1723 -
1072 1704 1199 1742 concii,
1246 1702 1310 1734 wie
1353 1703 1456 1734 durch
1499 1702 1571 1734 eine

895 1746 1007 1778 reiche
1044 1746 1170 1788 Mitgift
1212 1747 1265 1779 eiu
1306 1747 1572 1780 Frauenzimmer

894 1792 967 1823 sich
992 1792 1168 1834 empfiehlt,
1195 1793 1266 1824 dem
1292 1792 1410 1824 Manne
1438 1803 1571 1834 gewon-

896 1848 976 1878 nen,
1014 1836 1191 1879 zugefiihrt
1217 1838 1320 1878 wird,
1360 1837 1449 1870 Suet.
1478 1838 1571 1871 Caes.

897 1886 957 1916 50:
996 1886 1237 1916 existimabatur
1261 1884 1398 1916 Servilia
1424 1902 1465 1907 —
1491 1887 1571 1917 Ter-

895 1932 972 1960 tiam
1010 1931 1138 1961 Caesari
1179 1931 1356 1961 conciliare.
1389 1947 1435 1951 ——-
1459 1931 1569 1971 praes.

895 1985 970 2016 req„
1001 1985 1062 2005 nur
1082 1974 1135 2006 613
1154 1974 1298 2006 General
1325 1974 1414 2006 eines
1434 1973 1572 2016 Ho'nigs,

895 2030 920 2050 5.
948 2021 1008 2059 38,
1040 2021 1101 2060 58,
1131 2021 1180 2053 10.
1210 2038 1250 2043 -
1275 2023 1432 2059 σοπθρὶε.,
1454 2021 1514 2059 34,
1540 2023 1572 2058 4,

901 2067 950 2098 14.
976 2082 1022 2087 —
1045 2067 1155 2097 ducem
1181 2083 1225 2087 ——
1248 2068 1379 2105 imper.,
1418 2067 1479 2105 31,
1517 2067 1572 2106 21,

901 2112 950 2144 18.
976 2126 1022 2133 -υ-
1046 2113 1160 2149 videri,
1186 2110 1386 2150 6156361363,
1413 2110 1534 2152 gelten.

947 2202 1088 2234 10—-14
1114 2203 1194 2232 idem
1219 2203 1346 2241 damni,
1387 2202 1448 2241 36,
1476 2202 1514 2242 2,
1540 2203 1573 2235 9-

897 2257 933 2278 ae
957 2248 995 2286 si,
1023 2247 1084 2285 37,
1113 2248 1165 2285 54,
1193 2248 1252 2279 21:
1278 2257 1310 2278 eo
1338 2263 1380 2268 ——
1405 2258 1441 2279 ac
1464 2249 1502 2278 si.
1527 2264 1573 2268 —

896 2294 927 2323 si
950 2293 1039 2332 quid,
1067 2291 1159 2322 nicht
1183 2292 1274 2323 mehr
1302 2291 1469 2334 Anapher,
1495 2302 1573 2323 son-

898 2337 978 2367 dern
997 2335 1193 2376 Gegensatz.
1208 2354 1251 2359 --
1264 2339 1351 2369 univ.
1376 2339 1416 2376 b.,
1443 2339 1497 2377 30,
1518 2339 1572 2377 35,

899 2383 951 2414 11.
969 2399 1012 2404 —-
1032 2393 1056 2413 8.
1070 2393 1140 2424 reqe
1155 2400 1200 2404 ——
1223 2385 1283 2414 uni
1294 2400 1339 2405 —
1349 2385 1503 2422 patriam,
1530 2382 1575 2414 ist

897 2437 958 2458 nur
976 2425 1123 2458 insofern
1142 2426 1339 2468 Gegensatz,
1367 2428 1416 2459 als
1442 2427 1496 2459 bei
1506 2438 1573 2468 pa-

897 2474 962 2504 tria
986 2483 1025 2503 zu
1052 2472 1178 2504 denken
1203 2473 1266 2513 ist,
1294 2474 1369 2505 dass
1394 2473 1501 2505 dieses
1520 2473 1571 2504 ein

898 2517 1068 2549 Freistaat
1125 2528 1197 2550 war
1251 2518 1317 2550 und
1362 2517 1459 2559 jeder
1503 2518 1575 2550 sich

899 2563 961 2594 den
987 2561 1150 2595 Gesetzen
1183 2563 1238 2596 des
1263 2563 1487 2596 Vaterlandes
1521 2573 1575 2595 am
