<?xml version="1.0" encoding="UTF-8"?>
<!DOCTYPE html PUBLIC "-//W3C//DTD XHTML 1.0 Transitional//EN"
    "http://www.w3.org/TR/xhtml1/DTD/xhtml1-transitional.dtd">
<html xmlns="http://www.w3.org/1999/xhtml" xml:lang="en" lang="en">
 <head>
  <title>
</title>
<meta http-equiv="Content-Type" content="text/html;charset=utf-8" />
  <meta name='ocr-system' content='tesseract 3.04.00' />
  <meta name='ocr-capabilities' content='ocr_page ocr_carea ocr_par ocr_line ocrx_word'/>
</head>
<body>
  <div class='ocr_page' id='page_1' title='image "./aburbeconditalib08livyuoft_0078.png"; bbox 0 0 1747 2841; ppageno 0'>
   <div class='ocr_carea' id='block_1_1' title="bbox 175 91 1177 153">
    <p class='ocr_par' dir='ltr' id='par_1_1' title="bbox 175 91 1177 153">
     <span class='ocr_line' id='line_1_1' title="bbox 175 91 1177 153; baseline -0.012 0"><span class='ocrx_word' id='word_1_1' title='bbox 175 111 230 153; x_wconf 81' lang='lat'>72</span> <span class='ocrx_word' id='word_1_2' title='bbox 595 109 721 143; x_wconf 84' lang='lat' dir='ltr'>LIBER</span> <span class='ocrx_word' id='word_1_3' title='bbox 744 109 893 143; x_wconf 71' lang='lat' dir='ltr'><strong>xxxv.</strong></span> <span class='ocrx_word' id='word_1_4' title='bbox 923 91 1016 142; x_wconf 62' lang='lat' dir='ltr'><strong>CA&#39;P.</strong></span> <span class='ocrx_word' id='word_1_5' title='bbox 1043 112 1098 144; x_wconf 84' lang='lat'>44.</span> <span class='ocrx_word' id='word_1_6' title='bbox 1124 111 1177 144; x_wconf 83' lang='lat'>45.</span> 
     </span>
    </p>
   </div>
   <div class='ocr_carea' id='block_1_2' title="bbox 1445 106 1604 133">
    <p class='ocr_par' dir='ltr' id='par_1_2' title="bbox 1445 106 1604 133">
     <span class='ocr_line' id='line_1_2' title="bbox 1445 106 1604 133; baseline 0 0"><span class='ocrx_word' id='word_1_7' title='bbox 1445 114 1472 133; x_wconf 78' lang='lat' dir='ltr'>a.</span> <span class='ocrx_word' id='word_1_8' title='bbox 1493 113 1521 133; x_wconf 87' lang='lat' dir='ltr'>u.</span> <span class='ocrx_word' id='word_1_9' title='bbox 1543 106 1604 133; x_wconf 82' lang='lat'>562.</span> 
     </span>
    </p>
   </div>
   <div class='ocr_carea' id='block_1_3' title="bbox 102 210 1640 1281">
    <p class='ocr_par' dir='ltr' id='par_1_3' title="bbox 102 210 1640 1281">
     <span class='ocr_line' id='line_1_3' title="bbox 174 210 1601 265; baseline -0.004 -11"><span class='ocrx_word' id='word_1_10' title='bbox 174 216 227 254; x_wconf 87' lang='lat' dir='ltr'>tio</span> <span class='ocrx_word' id='word_1_11' title='bbox 259 214 333 253; x_wconf 87' lang='lat' dir='ltr'>fuit</span> <span class='ocrx_word' id='word_1_12' title='bbox 362 214 594 261; x_wconf 78' lang='lat' dir='ltr'>excusantis,</span> <span class='ocrx_word' id='word_1_13' title='bbox 636 214 741 265; x_wconf 84' lang='lat' dir='ltr'>quod</span> <span class='ocrx_word' id='word_1_14' title='bbox 773 219 878 252; x_wconf 86' lang='lat' dir='ltr'>tanto</span> <span class='ocrx_word' id='word_1_15' title='bbox 911 212 1130 251; x_wconf 89' lang='lat' dir='ltr'>minoribus</span> <span class='ocrx_word' id='word_1_16' title='bbox 1160 224 1229 263; x_wconf 89' lang='lat' dir='ltr'>spe</span> <span class='ocrx_word' id='word_1_17' title='bbox 1260 217 1375 262; x_wconf 87' lang='lat' dir='ltr'>atque</span> <span class='ocrx_word' id='word_1_18' title='bbox 1417 210 1601 261; x_wconf 89' lang='lat' dir='ltr'>opinione</span> 
     </span>
     <span class='ocr_line' id='line_1_4' title="bbox 136 267 1600 322; baseline -0.003 -12"><span class='ocrx_word' id='word_1_19' title='bbox 136 276 157 309; x_wconf 87' lang='grc'><strong>3</strong></span> <span class='ocrx_word' id='word_1_20' title='bbox 178 271 356 310; x_wconf 88' lang='lat' dir='ltr'>omnium</span> <span class='ocrx_word' id='word_1_21' title='bbox 380 271 501 322; x_wconf 89' lang='lat' dir='ltr'>copiis</span> <span class='ocrx_word' id='word_1_22' title='bbox 513 271 693 310; x_wconf 83' lang='lat' dir='ltr'>venisset.</span> <span class='ocrx_word' id='word_1_23' title='bbox 722 270 759 308; x_wconf 91' lang='lat' dir='ltr'>id</span> <span class='ocrx_word' id='word_1_24' title='bbox 773 282 864 308; x_wconf 89' lang='lat' dir='ltr'>suae</span> <span class='ocrx_word' id='word_1_25' title='bbox 881 269 1079 319; x_wconf 84' lang='lat' dir='ltr'>impensae</span> <span class='ocrx_word' id='word_1_26' title='bbox 1099 281 1188 319; x_wconf 83' lang='lat' dir='ltr'>erga</span> <span class='ocrx_word' id='word_1_27' title='bbox 1212 280 1278 307; x_wconf 91' lang='lat' dir='ltr'>eos</span> <span class='ocrx_word' id='word_1_28' title='bbox 1293 267 1501 306; x_wconf 81' lang='lat' dir='ltr'>voluntatis</span> <span class='ocrx_word' id='word_1_29' title='bbox 1517 278 1600 305; x_wconf 88' lang='lat' dir='ltr'>ma—</span> 
     </span>
     <span class='ocr_line' id='line_1_5' title="bbox 177 323 1604 376; baseline -0.004 -9"><span class='ocrx_word' id='word_1_30' title='bbox 177 329 328 367; x_wconf 80' lang='lat' dir='ltr'>ximum</span> <span class='ocrx_word' id='word_1_31' title='bbox 359 327 501 366; x_wconf 88' lang='lat' dir='ltr'>debere</span> <span class='ocrx_word' id='word_1_32' title='bbox 530 327 718 366; x_wconf 86' lang='lat' dir='ltr'>indicium</span> <span class='ocrx_word' id='word_1_33' title='bbox 749 338 844 373; x_wconf 90' lang='lat' dir='ltr'>esse,</span> <span class='ocrx_word' id='word_1_34' title='bbox 875 325 981 375; x_wconf 88' lang='lat' dir='ltr'>quod</span> <span class='ocrx_word' id='word_1_35' title='bbox 1002 337 1074 363; x_wconf 90' lang='lat' dir='ltr'>uec</span> <span class='ocrx_word' id='word_1_36' title='bbox 1105 331 1260 376; x_wconf 86' lang='lat' dir='ltr'>paratus</span> <span class='ocrx_word' id='word_1_37' title='bbox 1284 323 1374 363; x_wconf 89' lang='lat' dir='ltr'>satis</span> <span class='ocrx_word' id='word_1_38' title='bbox 1401 324 1474 361; x_wconf 87' lang='lat' dir='ltr'>ulla</span> <span class='ocrx_word' id='word_1_39' title='bbox 1504 335 1547 361; x_wconf 90' lang='lat' dir='ltr'>re</span> <span class='ocrx_word' id='word_1_40' title='bbox 1568 329 1604 361; x_wconf 90' lang='lat' dir='ltr'>et</span> 
     </span>
     <span class='ocr_line' id='line_1_6' title="bbox 177 379 1603 435; baseline -0.005 -11"><span class='ocrx_word' id='word_1_41' title='bbox 177 391 355 435; x_wconf 86' lang='lat' dir='ltr'>tempore</span> <span class='ocrx_word' id='word_1_42' title='bbox 368 384 415 423; x_wconf 88' lang='lat' dir='ltr'>ad</span> <span class='ocrx_word' id='word_1_43' title='bbox 437 384 698 434; x_wconf 81' lang='lat' dir='ltr'>navigandum</span> <span class='ocrx_word' id='word_1_44' title='bbox 718 383 925 422; x_wconf 83' lang='lat' dir='ltr'>immaturo</span> <span class='ocrx_word' id='word_1_45' title='bbox 949 380 1176 420; x_wconf 83' lang='lat' dir='ltr'>vocantibus</span> <span class='ocrx_word' id='word_1_46' title='bbox 1198 381 1330 432; x_wconf 82' lang='lat' dir='ltr'>legatis</span> <span class='ocrx_word' id='word_1_47' title='bbox 1349 391 1486 418; x_wconf 88' lang='lat' dir='ltr'>eorum</span> <span class='ocrx_word' id='word_1_48' title='bbox 1499 379 1603 417; x_wconf 88' lang='lat' dir='ltr'>haud</span> 
     </span>
     <span class='ocr_line' id='line_1_7' title="bbox 179 435 1603 493; baseline -0.005 -13"><span class='ocrx_word' id='word_1_49' title='bbox 179 446 332 493; x_wconf 84' lang='lat' dir='ltr'>gravate</span> <span class='ocrx_word' id='word_1_50' title='bbox 364 440 573 479; x_wconf 75' lang='lat' dir='ltr'>obsecutus</span> <span class='ocrx_word' id='word_1_51' title='bbox 603 445 704 478; x_wconf 87' lang='lat' dir='ltr'>esset</span> <span class='ocrx_word' id='word_1_52' title='bbox 725 439 1041 488; x_wconf 88' lang='lat' dir='ltr'>credidissetque,</span> <span class='ocrx_word' id='word_1_53' title='bbox 1073 449 1160 476; x_wconf 89' lang='lat' dir='ltr'>cum</span> <span class='ocrx_word' id='word_1_54' title='bbox 1188 449 1229 475; x_wconf 86' lang='lat' dir='ltr'>se</span> <span class='ocrx_word' id='word_1_55' title='bbox 1260 436 1448 476; x_wconf 88' lang='lat' dir='ltr'>vidissent</span> <span class='ocrx_word' id='word_1_56' title='bbox 1467 435 1603 481; x_wconf 87' lang='lat' dir='ltr'>Aetoli,</span> 
     </span>
     <span class='ocr_line' id='line_1_8' title="bbox 137 493 1603 547; baseline -0.005 -10"><span class='ocrx_word' id='word_1_57' title='bbox 137 506 160 539; x_wconf 89' lang='grc'>4</span> <span class='ocrx_word' id='word_1_58' title='bbox 179 498 310 537; x_wconf 81' lang='lat' dir='ltr'>onmia</span> <span class='ocrx_word' id='word_1_59' title='bbox 334 497 393 535; x_wconf 76' lang='lat' dir='ltr'>vel</span> <span class='ocrx_word' id='word_1_60' title='bbox 412 497 452 535; x_wconf 94' lang='lat' dir='ltr'>in</span> <span class='ocrx_word' id='word_1_61' title='bbox 475 509 516 535; x_wconf 89' lang='lat' dir='ltr'>se</span> <span class='ocrx_word' id='word_1_62' title='bbox 539 509 617 535; x_wconf 92' lang='grc'><strong>11110</strong></span> <span class='ocrx_word' id='word_1_63' title='bbox 639 496 762 547; x_wconf 84' lang='lat' dir='ltr'>posita</span> <span class='ocrx_word' id='word_1_64' title='bbox 786 494 978 546; x_wconf 88' lang='lat' dir='ltr'>praesidia</span> <span class='ocrx_word' id='word_1_65' title='bbox 998 493 1284 533; x_wconf 78' lang='lat' dir='ltr'>existimaturos</span> <span class='ocrx_word' id='word_1_66' title='bbox 1304 505 1400 531; x_wconf 88' lang='lat' dir='ltr'>esse.</span> <span class='ocrx_word' id='word_1_67' title='bbox 1431 497 1603 530; x_wconf 90' lang='lat' dir='ltr'>ceterum</span> 
     </span>
     <span class='ocr_line' id='line_1_9' title="bbox 179 548 1640 604; baseline -0.005 -11"><span class='ocrx_word' id='word_1_68' title='bbox 179 566 318 593; x_wconf 87' lang='lat' dir='ltr'>eorum</span> <span class='ocrx_word' id='word_1_69' title='bbox 349 565 507 604; x_wconf 88' lang='lat' dir='ltr'>quoque</span> <span class='ocrx_word' id='word_1_70' title='bbox 529 565 582 599; x_wconf 89' lang='lat' dir='ltr'>se,</span> <span class='ocrx_word' id='word_1_71' title='bbox 614 565 783 604; x_wconf 89' lang='lat' dir='ltr'>quorum</span> <span class='ocrx_word' id='word_1_72' title='bbox 809 550 1020 603; x_wconf 79' lang='lat' dir='ltr'>expectatio</span> <span class='ocrx_word' id='word_1_73' title='bbox 1047 550 1227 589; x_wconf 87' lang='lat' dir='ltr'>destituta</span> <span class='ocrx_word' id='word_1_74' title='bbox 1246 549 1286 588; x_wconf 92' lang='lat' dir='ltr'>in</span> <span class='ocrx_word' id='word_1_75' title='bbox 1307 548 1524 600; x_wconf 89' lang='lat' dir='ltr'>praesentia</span> <span class='ocrx_word' id='word_1_76' title='bbox 1544 548 1604 586; x_wconf 91' lang='lat' dir='ltr'>vi-</span> <span class='ocrx_word' id='word_1_77' title='bbox 1636 566 1640 570; x_wconf 94' lang='lat'>·</span> 
     </span>
     <span class='ocr_line' id='line_1_10' title="bbox 141 605 1603 660; baseline -0.004 -11"><span class='ocrx_word' id='word_1_78' title='bbox 141 617 160 648; x_wconf 90' lang='lat'>5</span> <span class='ocrx_word' id='word_1_79' title='bbox 180 611 327 657; x_wconf 87' lang='lat' dir='ltr'>deatur,</span> <span class='ocrx_word' id='word_1_80' title='bbox 349 622 460 660; x_wconf 85' lang='lat' dir='ltr'>spem</span> <span class='ocrx_word' id='word_1_81' title='bbox 483 609 638 648; x_wconf 82' lang='lat' dir='ltr'>abunde</span> <span class='ocrx_word' id='word_1_82' title='bbox 660 609 926 660; x_wconf 80' lang='lat' dir='ltr'>expleturum:</span> <span class='ocrx_word' id='word_1_83' title='bbox 948 619 1038 645; x_wconf 87' lang='lat' dir='ltr'>nam</span> <span class='ocrx_word' id='word_1_84' title='bbox 1063 607 1177 646; x_wconf 91' lang='lat' dir='ltr'>simul</span> <span class='ocrx_word' id='word_1_85' title='bbox 1197 606 1369 657; x_wconf 88' lang='lat' dir='ltr'>primum</span> <span class='ocrx_word' id='word_1_86' title='bbox 1391 605 1482 644; x_wconf 91' lang='lat' dir='ltr'>anni</span> <span class='ocrx_word' id='word_1_87' title='bbox 1503 610 1603 643; x_wconf 88' lang='lat' dir='ltr'>tem-</span> 
     </span>
     <span class='ocr_line' id='line_1_11' title="bbox 179 660 1606 718; baseline -0.004 -14"><span class='ocrx_word' id='word_1_88' title='bbox 179 679 254 718; x_wconf 90' lang='lat' dir='ltr'>pus</span> <span class='ocrx_word' id='word_1_89' title='bbox 275 665 487 716; x_wconf 80' lang='lat' dir='ltr'>navigabile</span> <span class='ocrx_word' id='word_1_90' title='bbox 507 666 749 717; x_wconf 81' lang='lat' dir='ltr'>praebuisset</span> <span class='ocrx_word' id='word_1_91' title='bbox 771 678 887 711; x_wconf 86' lang='lat' dir='ltr'>mare,</span> <span class='ocrx_word' id='word_1_92' title='bbox 912 675 1071 703; x_wconf 90' lang='lat' dir='ltr'>omnem</span> <span class='ocrx_word' id='word_1_93' title='bbox 1092 675 1132 701; x_wconf 91' lang='lat' dir='ltr'>se</span> <span class='ocrx_word' id='word_1_94' title='bbox 1157 663 1355 702; x_wconf 79' lang='lat' dir='ltr'>Graeciam</span> <span class='ocrx_word' id='word_1_95' title='bbox 1376 661 1493 700; x_wconf 88' lang='lat' dir='ltr'>armis</span> <span class='ocrx_word' id='word_1_96' title='bbox 1515 660 1606 699; x_wconf 90' lang='lat' dir='ltr'>viris</span> 
     </span>
     <span class='ocr_line' id='line_1_12' title="bbox 141 719 1607 774; baseline -0.003 -14"><span class='ocrx_word' id='word_1_97' title='bbox 141 727 161 760; x_wconf 87' lang='grc'><strong>6</strong></span> <span class='ocrx_word' id='word_1_98' title='bbox 182 722 313 774; x_wconf 86' lang='lat' dir='ltr'>equis,</span> <span class='ocrx_word' id='word_1_99' title='bbox 355 735 513 761; x_wconf 88' lang='lat' dir='ltr'>omnem</span> <span class='ocrx_word' id='word_1_100' title='bbox 553 735 662 760; x_wconf 81' lang='lat' dir='ltr'>oram</span> <span class='ocrx_word' id='word_1_101' title='bbox 703 722 934 760; x_wconf 79' lang='lat' dir='ltr'>maritimam</span> <span class='ocrx_word' id='word_1_102' title='bbox 969 719 1156 758; x_wconf 85' lang='lat' dir='ltr'>classibus</span> <span class='ocrx_word' id='word_1_103' title='bbox 1185 719 1493 769; x_wconf 88' lang='lat' dir='ltr'>completurum,</span> <span class='ocrx_word' id='word_1_104' title='bbox 1534 729 1607 755; x_wconf 93' lang='lat' dir='ltr'>nec</span> 
     </span>
     <span class='ocr_line' id='line_1_13' title="bbox 180 775 1606 830; baseline -0.005 -12"><span class='ocrx_word' id='word_1_105' title='bbox 180 780 380 830; x_wconf 80' lang='lat' dir='ltr'>impensae</span> <span class='ocrx_word' id='word_1_106' title='bbox 410 791 483 817; x_wconf 91' lang='lat' dir='ltr'>nec</span> <span class='ocrx_word' id='word_1_107' title='bbox 504 778 627 817; x_wconf 90' lang='lat' dir='ltr'>labori</span> <span class='ocrx_word' id='word_1_108' title='bbox 654 791 726 817; x_wconf 91' lang='lat' dir='ltr'>nec</span> <span class='ocrx_word' id='word_1_109' title='bbox 746 778 918 829; x_wconf 89' lang='lat' dir='ltr'>periculo</span> <span class='ocrx_word' id='word_1_110' title='bbox 940 789 1163 827; x_wconf 82' lang='lat' dir='ltr'>parsurum,</span> <span class='ocrx_word' id='word_1_111' title='bbox 1186 776 1312 814; x_wconf 89' lang='lat' dir='ltr'>donec</span> <span class='ocrx_word' id='word_1_112' title='bbox 1335 775 1496 825; x_wconf 88' lang='lat' dir='ltr'>depulso</span> <span class='ocrx_word' id='word_1_113' title='bbox 1519 785 1606 812; x_wconf 88' lang='lat' dir='ltr'>cer-</span> 
     </span>
     <span class='ocr_line' id='line_1_14' title="bbox 180 830 1608 886; baseline -0.004 -12"><span class='ocrx_word' id='word_1_114' title='bbox 180 835 330 875; x_wconf 81' lang='lat' dir='ltr'>vicibus</span> <span class='ocrx_word' id='word_1_115' title='bbox 362 848 499 874; x_wconf 89' lang='lat' dir='ltr'>eorum</span> <span class='ocrx_word' id='word_1_116' title='bbox 529 835 693 886; x_wconf 86' lang='lat' dir='ltr'>imperio</span> <span class='ocrx_word' id='word_1_117' title='bbox 714 836 891 874; x_wconf 89' lang='lat' dir='ltr'>Romano</span> <span class='ocrx_word' id='word_1_118' title='bbox 917 833 1079 872; x_wconf 87' lang='lat' dir='ltr'>liberam</span> <span class='ocrx_word' id='word_1_119' title='bbox 1100 845 1191 871; x_wconf 79' lang='lat' dir='ltr'>vere</span> <span class='ocrx_word' id='word_1_120' title='bbox 1213 831 1412 871; x_wconf 82' lang='lat' dir='ltr'>Graeciam</span> <span class='ocrx_word' id='word_1_121' title='bbox 1432 835 1546 881; x_wconf 87' lang='lat' dir='ltr'>atque</span> <span class='ocrx_word' id='word_1_122' title='bbox 1566 830 1608 868; x_wconf 89' lang='lat' dir='ltr'>in</span> 
     </span>
     <span class='ocr_line' id='line_1_15' title="bbox 142 889 1606 943; baseline -0.005 -12"><span class='ocrx_word' id='word_1_123' title='bbox 142 909 162 940; x_wconf 76' lang='lat'><em>7</em></span> <span class='ocrx_word' id='word_1_124' title='bbox 182 905 225 931; x_wconf 88' lang='lat' dir='ltr'>ea</span> <span class='ocrx_word' id='word_1_125' title='bbox 255 893 452 943; x_wconf 86' lang='lat' dir='ltr'>principes</span> <span class='ocrx_word' id='word_1_126' title='bbox 472 892 629 931; x_wconf 85' lang='lat' dir='ltr'>Aetolos</span> <span class='ocrx_word' id='word_1_127' title='bbox 660 892 824 930; x_wconf 80' lang='lat' dir='ltr'>fecisset.</span> <span class='ocrx_word' id='word_1_128' title='bbox 869 903 957 929; x_wconf 89' lang='lat' dir='ltr'>cum</span> <span class='ocrx_word' id='word_1_129' title='bbox 988 889 1220 928; x_wconf 79' lang='lat' dir='ltr'>exercitibus</span> <span class='ocrx_word' id='word_1_130' title='bbox 1242 892 1482 926; x_wconf 82' lang='lat' dir='ltr'>commeatus</span> <span class='ocrx_word' id='word_1_131' title='bbox 1505 898 1606 937; x_wconf 90' lang='lat' dir='ltr'>quo-</span> 
     </span>
     <span class='ocr_line' id='line_1_16' title="bbox 183 945 1608 1000; baseline -0.004 -13"><span class='ocrx_word' id='word_1_132' title='bbox 183 961 259 1000; x_wconf 87' lang='lat' dir='ltr'>que</span> <span class='ocrx_word' id='word_1_133' title='bbox 291 949 418 987; x_wconf 89' lang='lat' dir='ltr'>omnis</span> <span class='ocrx_word' id='word_1_134' title='bbox 449 948 601 999; x_wconf 83' lang='lat' dir='ltr'>generis</span> <span class='ocrx_word' id='word_1_135' title='bbox 632 961 678 987; x_wconf 81' lang='lat' dir='ltr'>ex</span> <span class='ocrx_word' id='word_1_136' title='bbox 709 948 798 987; x_wconf 86' lang='lat' dir='ltr'>Asia</span> <span class='ocrx_word' id='word_1_137' title='bbox 828 953 1039 993; x_wconf 81' lang='lat' dir='ltr'>venturos3</span> <span class='ocrx_word' id='word_1_138' title='bbox 1069 947 1109 984; x_wconf 89' lang='grc'>111</span> <span class='ocrx_word' id='word_1_139' title='bbox 1140 945 1356 997; x_wconf 88' lang='lat' dir='ltr'>praesentia</span> <span class='ocrx_word' id='word_1_140' title='bbox 1387 955 1502 982; x_wconf 83' lang='lat' dir='ltr'>curae</span> <span class='ocrx_word' id='word_1_141' title='bbox 1523 955 1608 982; x_wconf 89' lang='lat' dir='ltr'>esse</span> 
     </span>
     <span class='ocr_line' id='line_1_17' title="bbox 182 1000 1608 1056; baseline -0.005 -12"><span class='ocrx_word' id='word_1_142' title='bbox 182 1005 327 1044; x_wconf 87' lang='lat' dir='ltr'>Aetolis</span> <span class='ocrx_word' id='word_1_143' title='bbox 351 1005 503 1054; x_wconf 61' lang='lat' dir='ltr'>debere,</span> <span class='ocrx_word' id='word_1_144' title='bbox 533 1010 576 1043; x_wconf 92' lang='lat' dir='ltr'>ut</span> <span class='ocrx_word' id='word_1_145' title='bbox 595 1005 705 1056; x_wconf 85' lang='lat' dir='ltr'>copia</span> <span class='ocrx_word' id='word_1_146' title='bbox 726 1004 913 1043; x_wconf 84' lang='lat' dir='ltr'>frumenti</span> <span class='ocrx_word' id='word_1_147' title='bbox 934 1003 1014 1042; x_wconf 89' lang='lat' dir='ltr'>suis</span> <span class='ocrx_word' id='word_1_148' title='bbox 1031 1009 1067 1041; x_wconf 85' lang='lat' dir='ltr'>et</span> <span class='ocrx_word' id='word_1_149' title='bbox 1085 1014 1241 1041; x_wconf 86' lang='lat' dir='ltr'>annona</span> <span class='ocrx_word' id='word_1_150' title='bbox 1254 1000 1462 1040; x_wconf 88' lang='lat' dir='ltr'>tolerabilis</span> <span class='ocrx_word' id='word_1_151' title='bbox 1474 1011 1608 1038; x_wconf 90' lang='lat' dir='ltr'>rerum</span> 
     </span>
     <span class='ocr_line' id='line_1_18' title="bbox 102 1059 1608 1112; baseline -0.005 -12"><span class='ocrx_word' id='word_1_152' title='bbox 102 1068 162 1108; x_wconf 80' lang='lat'>45</span> <span class='ocrx_word' id='word_1_153' title='bbox 183 1061 343 1100; x_wconf 86' lang='lat' dir='ltr'>aliarum</span> <span class='ocrx_word' id='word_1_154' title='bbox 371 1061 651 1112; x_wconf 86' lang='lat' dir='ltr'>suppeditetur.</span> <span class='ocrx_word' id='word_1_155' title='bbox 701 1062 744 1100; x_wconf 90' lang='lat' dir='ltr'>In</span> <span class='ocrx_word' id='word_1_156' title='bbox 777 1061 877 1099; x_wconf 84' lang='lat' dir='ltr'>hanc</span> <span class='ocrx_word' id='word_1_157' title='bbox 907 1059 1138 1099; x_wconf 87' lang='lat' dir='ltr'>sententiam</span> <span class='ocrx_word' id='word_1_158' title='bbox 1169 1071 1237 1097; x_wconf 77' lang='lat' dir='ltr'>rex</span> <span class='ocrx_word' id='word_1_159' title='bbox 1269 1070 1358 1096; x_wconf 88' lang='lat' dir='ltr'>cum</span> <span class='ocrx_word' id='word_1_160' title='bbox 1390 1067 1531 1107; x_wconf 84' lang='lat' dir='ltr'>magno</span> <span class='ocrx_word' id='word_1_161' title='bbox 1562 1067 1608 1093; x_wconf 92' lang='lat' dir='ltr'>o—</span> 
     </span>
     <span class='ocr_line' id='line_1_19' title="bbox 142 1112 1609 1167; baseline -0.005 -10"><span class='ocrx_word' id='word_1_162' title='bbox 142 1130 162 1162; x_wconf 89' lang='lat'>2</span> <span class='ocrx_word' id='word_1_163' title='bbox 184 1118 336 1157; x_wconf 88' lang='lat' dir='ltr'>mnium</span> <span class='ocrx_word' id='word_1_164' title='bbox 356 1118 523 1157; x_wconf 92' lang='lat' dir='ltr'>adsensu</span> <span class='ocrx_word' id='word_1_165' title='bbox 545 1118 700 1156; x_wconf 90' lang='lat' dir='ltr'>locutus</span> <span class='ocrx_word' id='word_1_166' title='bbox 724 1117 909 1156; x_wconf 84' lang='lat' dir='ltr'>discessit.</span> <span class='ocrx_word' id='word_1_167' title='bbox 940 1121 1029 1167; x_wconf 84' lang='lat' dir='ltr'>post</span> <span class='ocrx_word' id='word_1_168' title='bbox 1049 1116 1265 1154; x_wconf 87' lang='lat' dir='ltr'>discessum</span> <span class='ocrx_word' id='word_1_169' title='bbox 1286 1114 1386 1165; x_wconf 83' lang='lat' dir='ltr'>regis</span> <span class='ocrx_word' id='word_1_170' title='bbox 1396 1112 1609 1151; x_wconf 89' lang='lat' dir='ltr'>interduos</span> 
     </span>
     <span class='ocr_line' id='line_1_20' title="bbox 183 1168 1608 1225; baseline -0.005 -12"><span class='ocrx_word' id='word_1_171' title='bbox 183 1175 378 1225; x_wconf 88' lang='lat' dir='ltr'>principes</span> <span class='ocrx_word' id='word_1_172' title='bbox 408 1175 657 1220; x_wconf 83' lang='lat' dir='ltr'>Aetolorum,</span> <span class='ocrx_word' id='word_1_173' title='bbox 699 1174 918 1212; x_wconf 86' lang='lat' dir='ltr'>Phaeneam</span> <span class='ocrx_word' id='word_1_174' title='bbox 948 1179 984 1212; x_wconf 87' lang='lat' dir='ltr'>et</span> <span class='ocrx_word' id='word_1_175' title='bbox 1015 1172 1254 1218; x_wconf 83' lang='lat' dir='ltr'>Thoantem,</span> <span class='ocrx_word' id='word_1_176' title='bbox 1295 1169 1492 1209; x_wconf 86' lang='lat' dir='ltr'>contentio</span> <span class='ocrx_word' id='word_1_177' title='bbox 1524 1168 1608 1207; x_wconf 81' lang='lat' dir='ltr'>fuit.</span> 
     </span>
     <span class='ocr_line' id='line_1_21' title="bbox 143 1226 1608 1281; baseline -0.005 -11"><span class='ocrx_word' id='word_1_178' title='bbox 143 1238 163 1270; x_wconf 87' lang='lat'><strong>3</strong></span> <span class='ocrx_word' id='word_1_179' title='bbox 183 1231 382 1270; x_wconf 85' lang='lat' dir='ltr'>Phaeneas</span> <span class='ocrx_word' id='word_1_180' title='bbox 407 1230 698 1269; x_wconf 84' lang='lat' dir='ltr'>reconciliatore</span> <span class='ocrx_word' id='word_1_181' title='bbox 720 1231 822 1281; x_wconf 85' lang='lat' dir='ltr'>pacis</span> <span class='ocrx_word' id='word_1_182' title='bbox 846 1237 881 1269; x_wconf 90' lang='lat' dir='ltr'>et</span> <span class='ocrx_word' id='word_1_183' title='bbox 903 1230 1156 1280; x_wconf 85' lang='lat' dir='ltr'>disceptatore</span> <span class='ocrx_word' id='word_1_184' title='bbox 1181 1228 1227 1266; x_wconf 90' lang='lat' dir='ltr'>de</span> <span class='ocrx_word' id='word_1_185' title='bbox 1243 1227 1301 1274; x_wconf 88' lang='lat' dir='ltr'>iis,</span> <span class='ocrx_word' id='word_1_186' title='bbox 1333 1239 1431 1277; x_wconf 85' lang='lat' dir='ltr'>quae</span> <span class='ocrx_word' id='word_1_187' title='bbox 1450 1226 1491 1264; x_wconf 90' lang='lat' dir='ltr'>in</span> <span class='ocrx_word' id='word_1_188' title='bbox 1512 1237 1608 1264; x_wconf 91' lang='lat' dir='ltr'>con-</span> 
     </span>
    </p>
   </div>
   <div class='ocr_carea' id='block_1_4' title="bbox 174 1355 867 2579">
    <p class='ocr_par' dir='ltr' id='par_1_4' title="bbox 174 1355 866 2258">
     <span class='ocr_line' id='line_1_22' title="bbox 181 1355 861 1395; baseline -0.001 -10"><span class='ocrx_word' id='word_1_189' title='bbox 181 1359 315 1393; x_wconf 62' lang='lat' dir='ltr'>cusanc„</span> <span class='ocrx_word' id='word_1_190' title='bbox 356 1355 410 1395; x_wconf 79' lang='lat'>34,</span> <span class='ocrx_word' id='word_1_191' title='bbox 451 1355 505 1393; x_wconf 90' lang='lat'>40,</span> <span class='ocrx_word' id='word_1_192' title='bbox 545 1355 581 1385; x_wconf 89' lang='lat'>3:</span> <span class='ocrx_word' id='word_1_193' title='bbox 613 1355 724 1393; x_wconf 70' lang='lat' dir='ltr'>prima</span> <span class='ocrx_word' id='word_1_194' title='bbox 760 1355 861 1385; x_wconf 69' lang='lat' dir='ltr'>oratio</span> 
     </span>
     <span class='ocr_line' id='line_1_23' title="bbox 174 1398 860 1441; baseline -0.004 -9"><span class='ocrx_word' id='word_1_195' title='bbox 174 1401 249 1441; x_wconf 78' lang='lat' dir='ltr'>fuit</span> <span class='ocrx_word' id='word_1_196' title='bbox 269 1401 507 1438; x_wconf 70' lang='lat' dir='ltr'>permittentis‚·</span> <span class='ocrx_word' id='word_1_197' title='bbox 530 1400 560 1437; x_wconf 79' lang='lat'>8,</span> <span class='ocrx_word' id='word_1_198' title='bbox 582 1400 634 1438; x_wconf 87' lang='lat'>30,</span> <span class='ocrx_word' id='word_1_199' title='bbox 665 1400 716 1438; x_wconf 85' lang='lat'>10,</span> <span class='ocrx_word' id='word_1_200' title='bbox 744 1398 812 1439; x_wconf 81' lang='lat' dir='ltr'>vgl.</span> <span class='ocrx_word' id='word_1_201' title='bbox 835 1409 860 1429; x_wconf 90' lang='grc'>6.</span> 
     </span>
     <span class='ocr_line' id='line_1_24' title="bbox 183 1443 861 1484; baseline -0.007 -5"><span class='ocrx_word' id='word_1_202' title='bbox 183 1447 237 1484; x_wconf 78' lang='lat'>34,</span> <span class='ocrx_word' id='word_1_203' title='bbox 265 1447 296 1478; x_wconf 87' lang='lat'>9.</span> <span class='ocrx_word' id='word_1_204' title='bbox 324 1463 370 1467; x_wconf 94' lang='lat'>—</span> <span class='ocrx_word' id='word_1_205' title='bbox 393 1451 480 1476; x_wconf 75' lang='lat' dir='ltr'>tanto</span> <span class='ocrx_word' id='word_1_206' title='bbox 504 1446 594 1484; x_wconf 72' lang='lat' dir='ltr'>min.⁷</span> <span class='ocrx_word' id='word_1_207' title='bbox 629 1454 664 1475; x_wconf 85' lang='lat' dir='ltr'>so</span> <span class='ocrx_word' id='word_1_208' title='bbox 690 1443 772 1475; x_wconf 85' lang='lat' dir='ltr'>weit</span> <span class='ocrx_word' id='word_1_209' title='bbox 800 1455 861 1475; x_wconf 92' lang='lat' dir='ltr'>un—</span> 
     </span>
     <span class='ocr_line' id='line_1_25' title="bbox 181 1488 864 1528; baseline -0.003 -6"><span class='ocrx_word' id='word_1_210' title='bbox 181 1496 236 1522; x_wconf 83' lang='lat' dir='ltr'>ter</span> <span class='ocrx_word' id='word_1_211' title='bbox 267 1501 297 1521; x_wconf 92' lang='lat' dir='ltr'>u.</span> <span class='ocrx_word' id='word_1_212' title='bbox 331 1501 355 1521; x_wconf 89' lang='lat' dir='ltr'>s.</span> <span class='ocrx_word' id='word_1_213' title='bbox 390 1500 432 1521; x_wconf 79' lang='lat' dir='ltr'>w.</span> <span class='ocrx_word' id='word_1_214' title='bbox 474 1488 574 1521; x_wconf 80' lang='lat' dir='ltr'>Sonst</span> <span class='ocrx_word' id='word_1_215' title='bbox 609 1490 699 1521; x_wconf 84' lang='lat' dir='ltr'>steht</span> <span class='ocrx_word' id='word_1_216' title='bbox 731 1489 784 1521; x_wconf 85' lang='lat' dir='ltr'>bei</span> <span class='ocrx_word' id='word_1_217' title='bbox 811 1500 864 1528; x_wconf 78' lang='lat' dir='ltr'>spe</span> 
     </span>
     <span class='ocr_line' id='line_1_26' title="bbox 180 1534 862 1576; baseline -0.004 -8"><span class='ocrx_word' id='word_1_218' title='bbox 180 1547 211 1568; x_wconf 90' lang='lat' dir='ltr'>u.</span> <span class='ocrx_word' id='word_1_219' title='bbox 238 1536 268 1567; x_wconf 74' lang='lat' dir='ltr'>a.</span> <span class='ocrx_word' id='word_1_220' title='bbox 294 1535 505 1576; x_wconf 71' lang='lat' dir='ltr'>gewohnlich</span> <span class='ocrx_word' id='word_1_221' title='bbox 529 1535 588 1567; x_wconf 91' lang='lat' dir='ltr'>der</span> <span class='ocrx_word' id='word_1_222' title='bbox 622 1535 731 1567; x_wconf 83' lang='lat' dir='ltr'>blosse</span> <span class='ocrx_word' id='word_1_223' title='bbox 765 1534 862 1566; x_wconf 87' lang='lat' dir='ltr'>Com-</span> 
     </span>
     <span class='ocr_line' id='line_1_27' title="bbox 180 1579 863 1624; baseline -0.003 -11"><span class='ocrx_word' id='word_1_224' title='bbox 180 1581 324 1624; x_wconf 76' lang='lat' dir='ltr'>parativ.</span> <span class='ocrx_word' id='word_1_225' title='bbox 350 1599 393 1603; x_wconf 91' lang='lat'>——</span> <span class='ocrx_word' id='word_1_226' title='bbox 418 1583 592 1617; x_wconf 63' lang='lat' dir='ltr'>innuatur„</span> <span class='ocrx_word' id='word_1_227' title='bbox 618 1581 701 1612; x_wconf 85' lang='lat' dir='ltr'>nach</span> <span class='ocrx_word' id='word_1_228' title='bbox 728 1579 748 1621; x_wconf 67' lang='grc' dir='ltr'><strong>ξ</strong></span> <span class='ocrx_word' id='word_1_229' title='bbox 778 1583 796 1613; x_wconf 91' lang='grc'>5</span> <span class='ocrx_word' id='word_1_230' title='bbox 820 1580 863 1611; x_wconf 83' lang='grc'><strong>1111</strong></span> 
     </span>
     <span class='ocr_line' id='line_1_28' title="bbox 182 1625 863 1665; baseline -0.003 -6"><span class='ocrx_word' id='word_1_231' title='bbox 182 1626 333 1665; x_wconf 71' lang='lat' dir='ltr'>Hei-hsta,</span> <span class='ocrx_word' id='word_1_232' title='bbox 362 1625 412 1657; x_wconf 86' lang='lat' dir='ltr'>als</span> <span class='ocrx_word' id='word_1_233' title='bbox 438 1627 537 1658; x_wconf 83' lang='lat' dir='ltr'>sehon</span> <span class='ocrx_word' id='word_1_234' title='bbox 571 1626 624 1658; x_wconf 90' lang='lat' dir='ltr'>die</span> <span class='ocrx_word' id='word_1_235' title='bbox 649 1626 780 1657; x_wconf 84' lang='lat' dir='ltr'>Stiirme</span> <span class='ocrx_word' id='word_1_236' title='bbox 805 1626 863 1657; x_wconf 85' lang='lat' dir='ltr'>be-</span> 
     </span>
     <span class='ocr_line' id='line_1_29' title="bbox 182 1671 862 1714; baseline 0.001 -11"><span class='ocrx_word' id='word_1_237' title='bbox 182 1682 312 1714; x_wconf 83' lang='lat' dir='ltr'>gonnen</span> <span class='ocrx_word' id='word_1_238' title='bbox 339 1671 457 1712; x_wconf 85' lang='lat' dir='ltr'>haben,</span> <span class='ocrx_word' id='word_1_239' title='bbox 482 1682 507 1703; x_wconf 89' lang='lat' dir='ltr'>s.</span> <span class='ocrx_word' id='word_1_240' title='bbox 538 1682 564 1703; x_wconf 85' lang='lat' dir='ltr'>c.</span> <span class='ocrx_word' id='word_1_241' title='bbox 583 1672 637 1713; x_wconf 84' lang='lat'>43,</span> <span class='ocrx_word' id='word_1_242' title='bbox 664 1674 707 1714; x_wconf 72' lang='lat'>43</span> <span class='ocrx_word' id='word_1_243' title='bbox 734 1672 787 1711; x_wconf 80' lang='lat'>38,</span> <span class='ocrx_word' id='word_1_244' title='bbox 807 1672 862 1710; x_wconf 82' lang='grc'>41,</span> 
     </span>
     <span class='ocr_line' id='line_1_30' title="bbox 185 1716 864 1758; baseline -0.006 -6"><span class='ocrx_word' id='word_1_245' title='bbox 185 1721 237 1752; x_wconf 88' lang='lat'>15.</span> <span class='ocrx_word' id='word_1_246' title='bbox 293 1716 388 1748; x_wconf 81' lang='lat' dir='ltr'>Nach</span> <span class='ocrx_word' id='word_1_247' title='bbox 420 1717 493 1749; x_wconf 89' lang='lat' dir='ltr'>dem</span> <span class='ocrx_word' id='word_1_248' title='bbox 533 1717 752 1758; x_wconf 60' lang='lat' dir='ltr'>Vorhergeh„</span> <span class='ocrx_word' id='word_1_249' title='bbox 796 1717 864 1757; x_wconf 79' lang='lat' dir='ltr'>vgl.</span> 
     </span>
     <span class='ocr_line' id='line_1_31' title="bbox 182 1761 863 1805; baseline -0.004 -9"><span class='ocrx_word' id='word_1_250' title='bbox 182 1764 268 1796; x_wconf 80' lang='lat' dir='ltr'>auch</span> <span class='ocrx_word' id='word_1_251' title='bbox 293 1773 319 1794; x_wconf 89' lang='grc'>6.</span> <span class='ocrx_word' id='word_1_252' title='bbox 346 1764 401 1805; x_wconf 79' lang='grc'>22,</span> <span class='ocrx_word' id='word_1_253' title='bbox 430 1765 459 1802; x_wconf 92' lang='grc'>1,</span> <span class='ocrx_word' id='word_1_254' title='bbox 485 1772 600 1795; x_wconf 75' lang='lat' dir='ltr'>waren</span> <span class='ocrx_word' id='word_1_255' title='bbox 625 1762 678 1794; x_wconf 87' lang='lat' dir='ltr'>die</span> <span class='ocrx_word' id='word_1_256' title='bbox 697 1761 863 1794; x_wconf 81' lang='lat' dir='ltr'>Geriichte</span> 
     </span>
     <span class='ocr_line' id='line_1_32' title="bbox 182 1808 863 1849; baseline -0.003 -8"><span class='ocrx_word' id='word_1_257' title='bbox 182 1820 248 1841; x_wconf 72' lang='lat' dir='ltr'>von</span> <span class='ocrx_word' id='word_1_258' title='bbox 291 1809 352 1840; x_wconf 90' lang='lat' dir='ltr'>den</span> <span class='ocrx_word' id='word_1_259' title='bbox 390 1818 527 1849; x_wconf 72' lang='lat' dir='ltr'>grosseti</span> <span class='ocrx_word' id='word_1_260' title='bbox 569 1808 763 1849; x_wconf 81' lang='lat' dir='ltr'>Riistungen</span> <span class='ocrx_word' id='word_1_261' title='bbox 808 1808 863 1839; x_wconf 89' lang='lat' dir='ltr'>des</span> 
     </span>
     <span class='ocr_line' id='line_1_33' title="bbox 182 1853 865 1895; baseline -0.001 -8"><span class='ocrx_word' id='word_1_262' title='bbox 182 1853 320 1895; x_wconf 75' lang='lat' dir='ltr'>Riinigs,</span> <span class='ocrx_word' id='word_1_263' title='bbox 347 1864 371 1885; x_wconf 93' lang='lat' dir='ltr'>s.</span> <span class='ocrx_word' id='word_1_264' title='bbox 399 1855 452 1893; x_wconf 86' lang='lat'>34,</span> <span class='ocrx_word' id='word_1_265' title='bbox 482 1855 537 1893; x_wconf 85' lang='lat'>43,</span> <span class='ocrx_word' id='word_1_266' title='bbox 565 1856 603 1893; x_wconf 73' lang='lat'>43</span> <span class='ocrx_word' id='word_1_267' title='bbox 629 1853 670 1886; x_wconf 90' lang='lat' dir='ltr'>ib.</span> <span class='ocrx_word' id='word_1_268' title='bbox 706 1855 770 1894; x_wconf 87' lang='lat'>33,</span> <span class='ocrx_word' id='word_1_269' title='bbox 806 1854 865 1895; x_wconf 70' lang='lat'>123</span> 
     </span>
     <span class='ocr_line' id='line_1_34' title="bbox 183 1897 863 1940; baseline -0.001 -10"><span class='ocrx_word' id='word_1_270' title='bbox 183 1902 246 1940; x_wconf 77' lang='grc' dir='ltr'>6ος</span> <span class='ocrx_word' id='word_1_271' title='bbox 273 1900 338 1940; x_wconf 78' lang='lat' dir='ltr'>vgl.</span> <span class='ocrx_word' id='word_1_272' title='bbox 355 1900 408 1938; x_wconf 84' lang='lat'>35,</span> <span class='ocrx_word' id='word_1_273' title='bbox 443 1900 500 1937; x_wconf 83' lang='lat'>12;</span> <span class='ocrx_word' id='word_1_274' title='bbox 527 1901 589 1940; x_wconf 79' lang='lat'>203</span> <span class='ocrx_word' id='word_1_275' title='bbox 617 1901 659 1932; x_wconf 85' lang='lat'>23</span> <span class='ocrx_word' id='word_1_276' title='bbox 672 1900 716 1939; x_wconf 63' lang='lat' dir='ltr'>ff„</span> <span class='ocrx_word' id='word_1_277' title='bbox 745 1897 863 1935; x_wconf 75' lang='lat' dir='ltr'>falsch,</span> 
     </span>
     <span class='ocr_line' id='line_1_35' title="bbox 184 1944 865 1977; baseline -0.004 0"><span class='ocrx_word' id='word_1_278' title='bbox 184 1956 255 1977; x_wconf 79' lang='lat' dir='ltr'>was</span> <span class='ocrx_word' id='word_1_279' title='bbox 284 1945 350 1976; x_wconf 76' lang='lat' dir='ltr'>wo]</span> <span class='ocrx_word' id='word_1_280' title='bbox 377 1945 449 1976; x_wconf 81' lang='lat' dir='ltr'>dein</span> <span class='ocrx_word' id='word_1_281' title='bbox 467 1944 589 1977; x_wconf 81' lang='lat' dir='ltr'>Senate</span> <span class='ocrx_word' id='word_1_282' title='bbox 614 1944 646 1976; x_wconf 90' lang='lat' dir='ltr'>in</span> <span class='ocrx_word' id='word_1_283' title='bbox 673 1944 754 1976; x_wconf 84' lang='lat' dir='ltr'>Rom</span> <span class='ocrx_word' id='word_1_284' title='bbox 775 1944 865 1975; x_wconf 85' lang='lat' dir='ltr'>nicht</span> 
     </span>
     <span class='ocr_line' id='line_1_36' title="bbox 183 1991 864 2032; baseline -0.001 -9"><span class='ocrx_word' id='word_1_285' title='bbox 183 1991 379 2023; x_wconf 85' lang='lat' dir='ltr'>unbekannt</span> <span class='ocrx_word' id='word_1_286' title='bbox 402 2000 484 2021; x_wconf 78' lang='lat' dir='ltr'>war.</span> <span class='ocrx_word' id='word_1_287' title='bbox 517 2009 542 2013; x_wconf 78' lang='lat'>—</span> <span class='ocrx_word' id='word_1_288' title='bbox 567 1993 657 2022; x_wconf 78' lang='lat' dir='ltr'>haud</span> <span class='ocrx_word' id='word_1_289' title='bbox 676 2002 739 2032; x_wconf 59' lang='grc' dir='ltr'>φη,</span> <span class='ocrx_word' id='word_1_290' title='bbox 764 2001 788 2022; x_wconf 84' lang='grc'>5.</span> <span class='ocrx_word' id='word_1_291' title='bbox 811 1991 864 2029; x_wconf 87' lang='grc'>32,</span> 
     </span>
     <span class='ocr_line' id='line_1_37' title="bbox 186 2035 865 2078; baseline -0.006 -8"><span class='ocrx_word' id='word_1_292' title='bbox 186 2039 241 2077; x_wconf 82' lang='grc'>32,</span> <span class='ocrx_word' id='word_1_293' title='bbox 261 2038 291 2069; x_wconf 83' lang='grc'><strong>6.</strong></span> <span class='ocrx_word' id='word_1_294' title='bbox 310 2054 355 2058; x_wconf 91' lang='grc'>-</span> <span class='ocrx_word' id='word_1_295' title='bbox 371 2039 419 2068; x_wconf 82' lang='lat' dir='ltr'>vel</span> <span class='ocrx_word' id='word_1_296' title='bbox 443 2039 478 2069; x_wconf 78' lang='lat' dir='ltr'>in</span> <span class='ocrx_word' id='word_1_297' title='bbox 497 2048 522 2068; x_wconf 77' lang='lat' dir='ltr'>s.</span> <span class='ocrx_word' id='word_1_298' title='bbox 543 2047 586 2078; x_wconf 67' lang='grc'><strong>11,,</strong></span> <span class='ocrx_word' id='word_1_299' title='bbox 613 2037 714 2068; x_wconf 85' lang='grc'><strong>5611011</strong></span> <span class='ocrx_word' id='word_1_300' title='bbox 740 2035 773 2066; x_wconf 86' lang='grc'>111</span> <span class='ocrx_word' id='word_1_301' title='bbox 798 2035 865 2066; x_wconf 84' lang='grc'><strong>111111</strong></span> 
     </span>
     <span class='ocr_line' id='line_1_38' title="bbox 186 2080 864 2121; baseline -0.003 -7"><span class='ocrx_word' id='word_1_302' title='bbox 186 2081 288 2114; x_wconf 76' lang='grc'><strong>3116111</strong></span> <span class='ocrx_word' id='word_1_303' title='bbox 312 2093 343 2113; x_wconf 90' lang='lat' dir='ltr'>u.</span> <span class='ocrx_word' id='word_1_304' title='bbox 369 2092 394 2113; x_wconf 94' lang='lat' dir='ltr'>s.</span> <span class='ocrx_word' id='word_1_305' title='bbox 421 2092 463 2112; x_wconf 83' lang='lat' dir='ltr'>w.</span> <span class='ocrx_word' id='word_1_306' title='bbox 485 2083 636 2121; x_wconf 57' lang='lat' dir='ltr'>praesid„</span> <span class='ocrx_word' id='word_1_307' title='bbox 665 2081 730 2113; x_wconf 85' lang='lat' dir='ltr'>alle</span> <span class='ocrx_word' id='word_1_308' title='bbox 752 2080 864 2112; x_wconf 85' lang='lat' dir='ltr'>Hiilfs-</span> 
     </span>
     <span class='ocr_line' id='line_1_39' title="bbox 184 2126 866 2168; baseline -0.001 -9"><span class='ocrx_word' id='word_1_309' title='bbox 184 2127 293 2159; x_wconf 85' lang='lat' dir='ltr'>mittel</span> <span class='ocrx_word' id='word_1_310' title='bbox 312 2137 371 2159; x_wconf 90' lang='lat' dir='ltr'>zur</span> <span class='ocrx_word' id='word_1_311' title='bbox 390 2126 549 2168; x_wconf 84' lang='lat' dir='ltr'>Fiihrung</span> <span class='ocrx_word' id='word_1_312' title='bbox 579 2128 635 2159; x_wconf 84' lang='lat' dir='ltr'>des</span> <span class='ocrx_word' id='word_1_313' title='bbox 654 2126 803 2168; x_wconf 74' lang='lat' dir='ltr'>Rrieges.</span> <span class='ocrx_word' id='word_1_314' title='bbox 823 2144 866 2149; x_wconf 91' lang='lat'>—</span> 
     </span>
     <span class='ocr_line' id='line_1_40' title="bbox 182 2172 866 2215; baseline -0.004 -10"><span class='ocrx_word' id='word_1_315' title='bbox 182 2175 297 2211; x_wconf 57' lang='lat' dir='ltr'>desen„</span> <span class='ocrx_word' id='word_1_316' title='bbox 325 2183 351 2204; x_wconf 90' lang='grc'>6.</span> <span class='ocrx_word' id='word_1_317' title='bbox 379 2174 430 2212; x_wconf 88' lang='grc'>19,</span> <span class='ocrx_word' id='word_1_318' title='bbox 450 2175 487 2212; x_wconf 76' lang='grc'>4;</span> <span class='ocrx_word' id='word_1_319' title='bbox 517 2174 545 2213; x_wconf 88' lang='grc'>1,</span> <span class='ocrx_word' id='word_1_320' title='bbox 566 2175 618 2213; x_wconf 89' lang='lat'>51,</span> <span class='ocrx_word' id='word_1_321' title='bbox 647 2175 684 2215; x_wconf 75' lang='lat'>53</span> <span class='ocrx_word' id='word_1_322' title='bbox 709 2184 776 2213; x_wconf 76' lang='lat' dir='ltr'>spes</span> <span class='ocrx_word' id='word_1_323' title='bbox 800 2172 866 2204; x_wconf 90' lang='lat' dir='ltr'>und</span> 
     </span>
     <span class='ocr_line' id='line_1_41' title="bbox 183 2218 556 2258; baseline -0.003 -8"><span class='ocrx_word' id='word_1_324' title='bbox 183 2221 352 2258; x_wconf 70' lang='lat' dir='ltr'>expectatio</span> <span class='ocrx_word' id='word_1_325' title='bbox 379 2218 556 2250; x_wconf 83' lang='lat' dir='ltr'>wechselu.</span> 
     </span>
    </p>

    <p class='ocr_par' dir='ltr' id='par_1_5' title="bbox 184 2262 867 2579">
     <span class='ocr_line' id='line_1_42' title="bbox 233 2262 865 2302; baseline -0.006 -5"><span class='ocrx_word' id='word_1_326' title='bbox 233 2266 331 2297; x_wconf 79' lang='lat'>5-—7.</span> <span class='ocrx_word' id='word_1_327' title='bbox 368 2266 514 2302; x_wconf 73' lang='lat' dir='ltr'>primum</span> <span class='ocrx_word' id='word_1_328' title='bbox 555 2263 600 2295; x_wconf 88' lang='lat' dir='ltr'>ist</span> <span class='ocrx_word' id='word_1_329' title='bbox 639 2262 865 2294; x_wconf 86' lang='lat' dir='ltr'>wahrschein-</span> 
     </span>
     <span class='ocr_line' id='line_1_43' title="bbox 184 2308 867 2350; baseline 0 -11"><span class='ocrx_word' id='word_1_330' title='bbox 184 2308 253 2340; x_wconf 89' lang='lat' dir='ltr'>lich</span> <span class='ocrx_word' id='word_1_331' title='bbox 278 2319 319 2340; x_wconf 87' lang='lat' dir='ltr'>zu</span> <span class='ocrx_word' id='word_1_332' title='bbox 346 2311 443 2341; x_wconf 73' lang='lat' dir='ltr'>simul</span> <span class='ocrx_word' id='word_1_333' title='bbox 474 2320 514 2340; x_wconf 94' lang='lat' dir='ltr'>zu</span> <span class='ocrx_word' id='word_1_334' title='bbox 540 2310 688 2349; x_wconf 86' lang='lat' dir='ltr'>nehmen,</span> <span class='ocrx_word' id='word_1_335' title='bbox 716 2308 867 2350; x_wconf 86' lang='lat' dir='ltr'>obgleich</span> 
     </span>
     <span class='ocr_line' id='line_1_44' title="bbox 186 2354 865 2396; baseline 0.003 -11"><span class='ocrx_word' id='word_1_336' title='bbox 186 2354 277 2386; x_wconf 80' lang='lat' dir='ltr'>diese</span> <span class='ocrx_word' id='word_1_337' title='bbox 291 2354 508 2395; x_wconf 83' lang='lat' dir='ltr'>Verbindung</span> <span class='ocrx_word' id='word_1_338' title='bbox 528 2355 636 2386; x_wconf 87' lang='lat' dir='ltr'>selten</span> <span class='ocrx_word' id='word_1_339' title='bbox 656 2354 710 2394; x_wconf 77' lang='lat' dir='ltr'>ist,</span> <span class='ocrx_word' id='word_1_340' title='bbox 737 2365 762 2385; x_wconf 90' lang='grc'>5.</span> <span class='ocrx_word' id='word_1_341' title='bbox 782 2356 812 2396; x_wconf 85' lang='grc'>6,</span> <span class='ocrx_word' id='word_1_342' title='bbox 837 2356 865 2394; x_wconf 92' lang='grc'>1,</span> 
     </span>
     <span class='ocr_line' id='line_1_45' title="bbox 186 2399 866 2441; baseline -0.003 -8"><span class='ocrx_word' id='word_1_343' title='bbox 186 2401 219 2433; x_wconf 83' lang='grc'><strong>6.</strong></span> <span class='ocrx_word' id='word_1_344' title='bbox 246 2399 338 2430; x_wconf 83' lang='lat' dir='ltr'>nicht</span> <span class='ocrx_word' id='word_1_345' title='bbox 362 2410 402 2431; x_wconf 92' lang='lat' dir='ltr'>zu</span> <span class='ocrx_word' id='word_1_346' title='bbox 428 2406 558 2439; x_wconf 74' lang='lat' dir='ltr'>tempus.</span> <span class='ocrx_word' id='word_1_347' title='bbox 586 2420 628 2423; x_wconf 91' lang='lat'><strong>—</strong></span> <span class='ocrx_word' id='word_1_348' title='bbox 653 2402 732 2432; x_wconf 74' lang='lat' dir='ltr'>viris</span> <span class='ocrx_word' id='word_1_349' title='bbox 759 2411 816 2441; x_wconf 65' lang='lat' dir='ltr'>eq„</span> <span class='ocrx_word' id='word_1_350' title='bbox 840 2410 866 2431; x_wconf 89' lang='lat' dir='ltr'>c.</span> 
     </span>
     <span class='ocr_line' id='line_1_46' title="bbox 187 2446 867 2486; baseline 0.003 -10"><span class='ocrx_word' id='word_1_351' title='bbox 187 2446 242 2485; x_wconf 65' lang='lat'>235,</span> <span class='ocrx_word' id='word_1_352' title='bbox 271 2447 301 2485; x_wconf 74' lang='grc' dir='ltr'>Τ,</span> <span class='ocrx_word' id='word_1_353' title='bbox 327 2455 368 2476; x_wconf 92' lang='lat' dir='ltr'>zu</span> <span class='ocrx_word' id='word_1_354' title='bbox 400 2447 455 2486; x_wconf 86' lang='lat'>21,</span> <span class='ocrx_word' id='word_1_355' title='bbox 484 2447 539 2485; x_wconf 78' lang='grc'>27,</span> <span class='ocrx_word' id='word_1_356' title='bbox 567 2448 603 2485; x_wconf 82' lang='lat'>53</span> <span class='ocrx_word' id='word_1_357' title='bbox 630 2446 696 2486; x_wconf 74' lang='lat' dir='ltr'>vgl.</span> <span class='ocrx_word' id='word_1_358' title='bbox 730 2446 784 2486; x_wconf 85' lang='grc'>23,</span> <span class='ocrx_word' id='word_1_359' title='bbox 813 2447 867 2485; x_wconf 86' lang='grc'>24,</span> 
     </span>
     <span class='ocr_line' id='line_1_47' title="bbox 187 2492 866 2532; baseline 0 -9"><span class='ocrx_word' id='word_1_360' title='bbox 187 2492 226 2523; x_wconf 79' lang='lat'>9:</span> <span class='ocrx_word' id='word_1_361' title='bbox 259 2502 349 2522; x_wconf 76' lang='lat' dir='ltr'>arma</span> <span class='ocrx_word' id='word_1_362' title='bbox 374 2493 459 2522; x_wconf 55' lang='lat' dir='ltr'>viros</span> <span class='ocrx_word' id='word_1_363' title='bbox 489 2502 607 2532; x_wconf 73' lang='lat' dir='ltr'>eqnos;</span> <span class='ocrx_word' id='word_1_364' title='bbox 643 2493 693 2525; x_wconf 83' lang='grc'><strong>11).</strong></span> <span class='ocrx_word' id='word_1_365' title='bbox 736 2492 786 2531; x_wconf 88' lang='grc'>16,</span> <span class='ocrx_word' id='word_1_366' title='bbox 830 2492 866 2523; x_wconf 80' lang='lat'>6:</span> 
     </span>
     <span class='ocr_line' id='line_1_48' title="bbox 186 2537 867 2579; baseline 0.004 -12"><span class='ocrx_word' id='word_1_367' title='bbox 186 2547 278 2568; x_wconf 78' lang='lat' dir='ltr'>arma</span> <span class='ocrx_word' id='word_1_368' title='bbox 303 2539 437 2578; x_wconf 69' lang='lat' dir='ltr'>viriqm,</span> <span class='ocrx_word' id='word_1_369' title='bbox 468 2537 498 2577; x_wconf 77' lang='lat' dir='ltr'>S,</span> <span class='ocrx_word' id='word_1_370' title='bbox 527 2539 556 2576; x_wconf 89' lang='grc'>5,</span> <span class='ocrx_word' id='word_1_371' title='bbox 583 2541 621 2576; x_wconf 65' lang='grc'>33</span> <span class='ocrx_word' id='word_1_372' title='bbox 657 2539 688 2576; x_wconf 88' lang='lat'>9,</span> <span class='ocrx_word' id='word_1_373' title='bbox 726 2538 776 2577; x_wconf 83' lang='lat'>19,</span> <span class='ocrx_word' id='word_1_374' title='bbox 809 2537 867 2579; x_wconf 70' lang='lat'>133</span> 
     </span>
    </p>
   </div>
   <div class='ocr_carea' id='block_1_5' title="bbox 930 1349 1618 2524">
    <p class='ocr_par' dir='ltr' id='par_1_6' title="bbox 930 1349 1616 2030">
     <span class='ocr_line' id='line_1_49' title="bbox 930 1349 1611 1391; baseline -0.001 -8"><span class='ocrx_word' id='word_1_375' title='bbox 930 1352 973 1384; x_wconf 84' lang='lat' dir='ltr'>ih.</span> <span class='ocrx_word' id='word_1_376' title='bbox 1002 1353 1055 1391; x_wconf 75' lang='lat'>38,</span> <span class='ocrx_word' id='word_1_377' title='bbox 1092 1353 1128 1390; x_wconf 78' lang='lat'>73</span> <span class='ocrx_word' id='word_1_378' title='bbox 1163 1352 1237 1391; x_wconf 76' lang='lat' dir='ltr'>equi</span> <span class='ocrx_word' id='word_1_379' title='bbox 1266 1351 1392 1390; x_wconf 73' lang='lat' dir='ltr'>virique</span> <span class='ocrx_word' id='word_1_380' title='bbox 1426 1351 1457 1387; x_wconf 87' lang='grc'>5,</span> <span class='ocrx_word' id='word_1_381' title='bbox 1493 1349 1546 1388; x_wconf 84' lang='lat'>37,</span> <span class='ocrx_word' id='word_1_382' title='bbox 1574 1351 1611 1388; x_wconf 77' lang='lat'>53</span> 
     </span>
     <span class='ocr_line' id='line_1_50' title="bbox 931 1395 1611 1438; baseline -0.006 -8"><span class='ocrx_word' id='word_1_383' title='bbox 931 1409 1023 1430; x_wconf 74' lang='lat' dir='ltr'>arma</span> <span class='ocrx_word' id='word_1_384' title='bbox 1048 1399 1140 1438; x_wconf 74' lang='lat' dir='ltr'>siqna</span> <span class='ocrx_word' id='word_1_385' title='bbox 1159 1397 1233 1437; x_wconf 72' lang='lat' dir='ltr'>eqni</span> <span class='ocrx_word' id='word_1_386' title='bbox 1264 1397 1389 1435; x_wconf 72' lang='lat' dir='ltr'>virique</span> <span class='ocrx_word' id='word_1_387' title='bbox 1421 1395 1475 1435; x_wconf 88' lang='lat'>23,</span> <span class='ocrx_word' id='word_1_388' title='bbox 1510 1396 1540 1434; x_wconf 87' lang='lat'>5,</span> <span class='ocrx_word' id='word_1_389' title='bbox 1581 1395 1611 1427; x_wconf 90' lang='grc'><strong>6.</strong></span> 
     </span>
     <span class='ocr_line' id='line_1_51' title="bbox 931 1441 1613 1483; baseline -0.004 -9"><span class='ocrx_word' id='word_1_390' title='bbox 931 1461 976 1466; x_wconf 94' lang='lat'>—-</span> <span class='ocrx_word' id='word_1_391' title='bbox 1006 1453 1152 1483; x_wconf 58' lang='lat' dir='ltr'>pamma,</span> <span class='ocrx_word' id='word_1_392' title='bbox 1191 1441 1255 1472; x_wconf 82' lang='lat' dir='ltr'>wic</span> <span class='ocrx_word' id='word_1_393' title='bbox 1292 1442 1346 1480; x_wconf 74' lang='lat'>25,</span> <span class='ocrx_word' id='word_1_394' title='bbox 1388 1441 1438 1480; x_wconf 85' lang='lat'>13,</span> <span class='ocrx_word' id='word_1_395' title='bbox 1481 1441 1531 1472; x_wconf 81' lang='lat'>16.</span> <span class='ocrx_word' id='word_1_396' title='bbox 1568 1456 1613 1462; x_wconf 84' lang='lat'>—-</span> 
     </span>
     <span class='ocr_line' id='line_1_52' title="bbox 931 1485 1611 1529; baseline -0.003 -8"><span class='ocrx_word' id='word_1_397' title='bbox 931 1500 1012 1529; x_wconf 76' lang='lat' dir='ltr'>vere,</span> <span class='ocrx_word' id='word_1_398' title='bbox 1039 1487 1130 1519; x_wconf 87' lang='lat' dir='ltr'>nicht</span> <span class='ocrx_word' id='word_1_399' title='bbox 1148 1497 1220 1518; x_wconf 89' lang='lat' dir='ltr'>zum</span> <span class='ocrx_word' id='word_1_400' title='bbox 1239 1485 1389 1525; x_wconf 79' lang='grc'><strong>86116106,</strong></span> <span class='ocrx_word' id='word_1_401' title='bbox 1416 1485 1481 1517; x_wconf 85' lang='lat' dir='ltr'>wie</span> <span class='ocrx_word' id='word_1_402' title='bbox 1507 1495 1535 1518; x_wconf 87' lang='lat' dir='ltr'>c.</span> <span class='ocrx_word' id='word_1_403' title='bbox 1558 1485 1611 1524; x_wconf 88' lang='lat'>38,</span> 
     </span>
     <span class='ocr_line' id='line_1_53' title="bbox 936 1529 1614 1574; baseline -0.004 -10"><span class='ocrx_word' id='word_1_404' title='bbox 936 1537 988 1572; x_wconf 71' lang='lat'>10,</span> <span class='ocrx_word' id='word_1_405' title='bbox 1020 1533 1087 1574; x_wconf 73' lang='lat' dir='ltr'>vgl.</span> <span class='ocrx_word' id='word_1_406' title='bbox 1123 1543 1149 1564; x_wconf 92' lang='lat' dir='ltr'>c.</span> <span class='ocrx_word' id='word_1_407' title='bbox 1182 1534 1236 1572; x_wconf 82' lang='lat'>46,</span> <span class='ocrx_word' id='word_1_408' title='bbox 1264 1533 1294 1565; x_wconf 87' lang='grc'><strong>6.</strong></span> <span class='ocrx_word' id='word_1_409' title='bbox 1320 1549 1364 1554; x_wconf 84' lang='grc'><strong>-</strong></span> <span class='ocrx_word' id='word_1_410' title='bbox 1382 1532 1537 1571; x_wconf 56' lang='lat' dir='ltr'>princip„</span> <span class='ocrx_word' id='word_1_411' title='bbox 1564 1529 1614 1562; x_wconf 84' lang='lat' dir='ltr'>sie</span> 
     </span>
     <span class='ocr_line' id='line_1_54' title="bbox 932 1576 1613 1619; baseline -0.006 -8"><span class='ocrx_word' id='word_1_412' title='bbox 932 1580 1040 1611; x_wconf 91' lang='lat' dir='ltr'>sollen</span> <span class='ocrx_word' id='word_1_413' title='bbox 1067 1578 1119 1610; x_wconf 88' lang='lat' dir='ltr'>die</span> <span class='ocrx_word' id='word_1_414' title='bbox 1139 1576 1336 1619; x_wconf 84' lang='lat' dir='ltr'>Hegemonie</span> <span class='ocrx_word' id='word_1_415' title='bbox 1355 1577 1521 1617; x_wconf 86' lang='lat' dir='ltr'>erhalten,</span> <span class='ocrx_word' id='word_1_416' title='bbox 1543 1585 1613 1607; x_wconf 81' lang='lat' dir='ltr'>was</span> 
     </span>
     <span class='ocr_line' id='line_1_55' title="bbox 934 1622 1614 1663; baseline -0.006 -7"><span class='ocrx_word' id='word_1_417' title='bbox 934 1625 986 1656; x_wconf 89' lang='lat' dir='ltr'>die</span> <span class='ocrx_word' id='word_1_418' title='bbox 1021 1624 1159 1656; x_wconf 89' lang='lat' dir='ltr'>Aetoler</span> <span class='ocrx_word' id='word_1_419' title='bbox 1191 1623 1258 1654; x_wconf 79' lang='lat' dir='ltr'>wol</span> <span class='ocrx_word' id='word_1_420' title='bbox 1290 1622 1344 1654; x_wconf 87' lang='lat' dir='ltr'>bei</span> <span class='ocrx_word' id='word_1_421' title='bbox 1378 1622 1450 1654; x_wconf 87' lang='lat' dir='ltr'>dem</span> <span class='ocrx_word' id='word_1_422' title='bbox 1486 1631 1614 1663; x_wconf 83' lang='lat' dir='ltr'>ganzeu</span> 
     </span>
     <span class='ocr_line' id='line_1_56' title="bbox 932 1666 1614 1709; baseline -0.004 -7"><span class='ocrx_word' id='word_1_423' title='bbox 932 1669 1176 1703; x_wconf 77' lang='lat' dir='ltr'>Uuternehmen</span> <span class='ocrx_word' id='word_1_424' title='bbox 1201 1668 1428 1707; x_wconf 77' lang='lat' dir='ltr'>bezweckten,</span> <span class='ocrx_word' id='word_1_425' title='bbox 1461 1667 1526 1709; x_wconf 86' lang='lat' dir='ltr'>vgl.</span> <span class='ocrx_word' id='word_1_426' title='bbox 1558 1666 1614 1708; x_wconf 85' lang='lat' dir='ltr'>je-</span> 
     </span>
     <span class='ocr_line' id='line_1_57' title="bbox 935 1715 1613 1755; baseline -0.006 -7"><span class='ocrx_word' id='word_1_427' title='bbox 935 1717 1018 1748; x_wconf 88' lang='lat' dir='ltr'>doch</span> <span class='ocrx_word' id='word_1_428' title='bbox 1060 1716 1113 1755; x_wconf 83' lang='lat'>33,</span> <span class='ocrx_word' id='word_1_429' title='bbox 1151 1716 1201 1753; x_wconf 86' lang='lat'>11,</span> <span class='ocrx_word' id='word_1_430' title='bbox 1237 1715 1268 1747; x_wconf 85' lang='lat'>9.</span> <span class='ocrx_word' id='word_1_431' title='bbox 1303 1732 1347 1736; x_wconf 92' lang='lat'>—</span> <span class='ocrx_word' id='word_1_432' title='bbox 1379 1724 1510 1746; x_wconf 76' lang='lat' dir='ltr'>annona</span> <span class='ocrx_word' id='word_1_433' title='bbox 1548 1715 1613 1753; x_wconf 73' lang='lat' dir='ltr'>tol.y</span> 
     </span>
     <span class='ocr_line' id='line_1_58' title="bbox 934 1759 1615 1793; baseline -0.006 0"><span class='ocrx_word' id='word_1_434' title='bbox 934 1761 1029 1793; x_wconf 90' lang='lat' dir='ltr'>einen</span> <span class='ocrx_word' id='word_1_435' title='bbox 1065 1759 1327 1792; x_wconf 83' lang='lat' dir='ltr'>ausreichenden</span> <span class='ocrx_word' id='word_1_436' title='bbox 1362 1759 1513 1791; x_wconf 78' lang='lat' dir='ltr'>Vorrath</span> <span class='ocrx_word' id='word_1_437' title='bbox 1549 1768 1615 1789; x_wconf 87' lang='lat' dir='ltr'>von</span> 
     </span>
     <span class='ocr_line' id='line_1_59' title="bbox 935 1803 1614 1839; baseline -0.004 0"><span class='ocrx_word' id='word_1_438' title='bbox 935 1804 1297 1839; x_wconf 84' lang='lat' dir='ltr'>Lebensbediirfnisscn</span> <span class='ocrx_word' id='word_1_439' title='bbox 1316 1815 1431 1837; x_wconf 88' lang='lat' dir='ltr'>ausser</span> <span class='ocrx_word' id='word_1_440' title='bbox 1457 1805 1529 1836; x_wconf 89' lang='lat' dir='ltr'>dem</span> <span class='ocrx_word' id='word_1_441' title='bbox 1547 1803 1614 1836; x_wconf 81' lang='lat' dir='ltr'>Ge-</span> 
     </span>
     <span class='ocr_line' id='line_1_60' title="bbox 933 1849 1613 1891; baseline -0.004 -7"><span class='ocrx_word' id='word_1_442' title='bbox 933 1852 1041 1884; x_wconf 85' lang='lat' dir='ltr'>treide</span> <span class='ocrx_word' id='word_1_443' title='bbox 1068 1862 1121 1884; x_wconf 88' lang='lat' dir='ltr'>um</span> <span class='ocrx_word' id='word_1_444' title='bbox 1147 1851 1242 1883; x_wconf 85' lang='lat' dir='ltr'>einen</span> <span class='ocrx_word' id='word_1_445' title='bbox 1264 1850 1488 1891; x_wconf 70' lang='lat' dir='ltr'>ertr&#39;ziglichen</span> <span class='ocrx_word' id='word_1_446' title='bbox 1508 1849 1613 1881; x_wconf 86' lang='lat' dir='ltr'>Preis.</span> 
     </span>
     <span class='ocr_line' id='line_1_61' title="bbox 935 1894 1616 1938; baseline -0.004 -8"><span class='ocrx_word' id='word_1_447' title='bbox 935 1915 978 1920; x_wconf 86' lang='lat'>-—</span> <span class='ocrx_word' id='word_1_448' title='bbox 1014 1900 1181 1938; x_wconf 59' lang='lat' dir='ltr'>suppedit„</span> <span class='ocrx_word' id='word_1_449' title='bbox 1223 1896 1435 1938; x_wconf 75' lang='lat' dir='ltr'>gcwiihulich</span> <span class='ocrx_word' id='word_1_450' title='bbox 1475 1897 1535 1927; x_wconf 83' lang='lat' dir='ltr'>hat</span> <span class='ocrx_word' id='word_1_451' title='bbox 1580 1894 1616 1927; x_wconf 89' lang='lat' dir='ltr'>L.</span> 
     </span>
     <span class='ocr_line' id='line_1_62' title="bbox 935 1940 1616 1976; baseline -0.004 -1"><span class='ocrx_word' id='word_1_452' title='bbox 935 1947 1027 1976; x_wconf 83' lang='lat' dir='ltr'>sonst</span> <span class='ocrx_word' id='word_1_453' title='bbox 1056 1943 1107 1975; x_wconf 85' lang='lat' dir='ltr'>die</span> <span class='ocrx_word' id='word_1_454' title='bbox 1133 1942 1245 1974; x_wconf 72' lang='lat' dir='ltr'>active</span> <span class='ocrx_word' id='word_1_455' title='bbox 1266 1941 1364 1973; x_wconf 81' lang='lat' dir='ltr'>Forln</span> <span class='ocrx_word' id='word_1_456' title='bbox 1389 1941 1423 1973; x_wconf 88' lang='lat' dir='ltr'>in</span> <span class='ocrx_word' id='word_1_457' title='bbox 1444 1940 1616 1974; x_wconf 81' lang='lat' dir='ltr'>neutraler</span> 
     </span>
     <span class='ocr_line' id='line_1_63' title="bbox 935 1987 1616 2030; baseline -0.006 -9"><span class='ocrx_word' id='word_1_458' title='bbox 935 1990 1136 2030; x_wconf 69' lang='lat' dir='ltr'>Bedeutuug,</span> <span class='ocrx_word' id='word_1_459' title='bbox 1171 1988 1238 2029; x_wconf 74' lang='lat' dir='ltr'>vgl.</span> <span class='ocrx_word' id='word_1_460' title='bbox 1260 1987 1382 2028; x_wconf 84' lang='lat' dir='ltr'>jedoch</span> <span class='ocrx_word' id='word_1_461' title='bbox 1415 1987 1469 2029; x_wconf 83' lang='lat'>23,</span> <span class='ocrx_word' id='word_1_462' title='bbox 1504 1988 1559 2027; x_wconf 84' lang='lat'>48,</span> <span class='ocrx_word' id='word_1_463' title='bbox 1586 1987 1616 2019; x_wconf 77' lang='lat'>8.</span> 
     </span>
    </p>

    <p class='ocr_par' dir='ltr' id='par_1_7' title="bbox 933 2032 1618 2524">
     <span class='ocr_line' id='line_1_64' title="bbox 982 2032 1614 2073; baseline -0.002 -7"><span class='ocrx_word' id='word_1_464' title='bbox 982 2032 1051 2071; x_wconf 83' lang='grc'>45.</span> <span class='ocrx_word' id='word_1_465' title='bbox 1084 2036 1181 2068; x_wconf 85' lang='grc'><strong>1-4,</strong></span> <span class='ocrx_word' id='word_1_466' title='bbox 1207 2036 1251 2065; x_wconf 81' lang='lat' dir='ltr'>In</span> <span class='ocrx_word' id='word_1_467' title='bbox 1273 2035 1354 2066; x_wconf 74' lang='lat' dir='ltr'>lianc</span> <span class='ocrx_word' id='word_1_468' title='bbox 1378 2046 1414 2073; x_wconf 71' lang='lat'>8.,</span> <span class='ocrx_word' id='word_1_469' title='bbox 1434 2033 1465 2073; x_wconf 91' lang='lat'>3,</span> <span class='ocrx_word' id='word_1_470' title='bbox 1492 2034 1547 2073; x_wconf 88' lang='grc'>41,</span> <span class='ocrx_word' id='word_1_471' title='bbox 1579 2034 1614 2071; x_wconf 77' lang='lat'>13</span> 
     </span>
     <span class='ocr_line' id='line_1_65' title="bbox 936 2081 1616 2121; baseline -0.006 -8"><span class='ocrx_word' id='word_1_472' title='bbox 936 2082 991 2121; x_wconf 84' lang='lat'>22,</span> <span class='ocrx_word' id='word_1_473' title='bbox 1021 2082 1071 2119; x_wconf 67' lang='lat'>10,</span> <span class='ocrx_word' id='word_1_474' title='bbox 1099 2081 1138 2113; x_wconf 89' lang='lat'>2:</span> <span class='ocrx_word' id='word_1_475' title='bbox 1167 2082 1201 2111; x_wconf 73' lang='lat' dir='ltr'>in</span> <span class='ocrx_word' id='word_1_476' title='bbox 1230 2082 1304 2112; x_wconf 71' lang='lat' dir='ltr'>leaeo</span> <span class='ocrx_word' id='word_1_477' title='bbox 1333 2081 1427 2112; x_wconf 76' lang='lat' dir='ltr'>verba</span> <span class='ocrx_word' id='word_1_478' title='bbox 1458 2090 1489 2110; x_wconf 87' lang='lat' dir='ltr'>u.</span> <span class='ocrx_word' id='word_1_479' title='bbox 1518 2089 1546 2110; x_wconf 85' lang='lat' dir='ltr'>a.</span> <span class='ocrx_word' id='word_1_480' title='bbox 1571 2095 1616 2100; x_wconf 89' lang='lat'>—</span> 
     </span>
     <span class='ocr_line' id='line_1_66' title="bbox 937 2123 1615 2166; baseline -0.003 -9"><span class='ocrx_word' id='word_1_481' title='bbox 937 2128 1086 2158; x_wconf 74' lang='lat' dir='ltr'>discessit.</span> <span class='ocrx_word' id='word_1_482' title='bbox 1091 2137 1128 2165; x_wconf 75' lang='lat' dir='ltr'>p.</span> <span class='ocrx_word' id='word_1_483' title='bbox 1142 2127 1320 2166; x_wconf 71' lang='lat' dir='ltr'>dsscessum,</span> <span class='ocrx_word' id='word_1_484' title='bbox 1337 2125 1402 2156; x_wconf 79' lang='lat' dir='ltr'>wie</span> <span class='ocrx_word' id='word_1_485' title='bbox 1417 2128 1510 2156; x_wconf 88' lang='lat' dir='ltr'>sonst</span> <span class='ocrx_word' id='word_1_486' title='bbox 1523 2123 1615 2155; x_wconf 78' lang='lat' dir='ltr'>verb.</span> 
     </span>
     <span class='ocr_line' id='line_1_67' title="bbox 936 2171 1616 2213; baseline -0.003 -10"><span class='ocrx_word' id='word_1_487' title='bbox 936 2171 1019 2203; x_wconf 84' lang='lat' dir='ltr'>finit.</span> <span class='ocrx_word' id='word_1_488' title='bbox 1046 2183 1077 2202; x_wconf 89' lang='lat' dir='ltr'>u.</span> <span class='ocrx_word' id='word_1_489' title='bbox 1112 2175 1196 2213; x_wconf 88' lang='lat' dir='ltr'>part.</span> <span class='ocrx_word' id='word_1_490' title='bbox 1230 2175 1334 2213; x_wconf 84' lang='lat' dir='ltr'>praet.</span> <span class='ocrx_word' id='word_1_491' title='bbox 1370 2178 1616 2210; x_wconf 84' lang='lat' dir='ltr'>zusammenge-</span> 
     </span>
     <span class='ocr_line' id='line_1_68' title="bbox 935 2214 1618 2260; baseline -0.004 -12"><span class='ocrx_word' id='word_1_492' title='bbox 935 2217 1052 2260; x_wconf 78' lang='lat' dir='ltr'>stellt3</span> <span class='ocrx_word' id='word_1_493' title='bbox 1080 2217 1228 2257; x_wconf 81' lang='lat' dir='ltr'>dagegen</span> <span class='ocrx_word' id='word_1_494' title='bbox 1253 2219 1336 2258; x_wconf 68' lang='lat' dir='ltr'>reqis</span> <span class='ocrx_word' id='word_1_495' title='bbox 1360 2217 1445 2247; x_wconf 83' lang='lat' dir='ltr'>nach</span> <span class='ocrx_word' id='word_1_496' title='bbox 1468 2227 1526 2248; x_wconf 72' lang='lat' dir='ltr'>rex</span> <span class='ocrx_word' id='word_1_497' title='bbox 1550 2214 1618 2246; x_wconf 86' lang='lat' dir='ltr'>wol</span> 
     </span>
     <span class='ocr_line' id='line_1_69' title="bbox 938 2259 1617 2302; baseline -0.004 -8"><span class='ocrx_word' id='word_1_498' title='bbox 938 2263 1021 2294; x_wconf 88' lang='lat' dir='ltr'>ohne</span> <span class='ocrx_word' id='word_1_499' title='bbox 1046 2261 1195 2293; x_wconf 86' lang='lat' dir='ltr'>Absicht.</span> <span class='ocrx_word' id='word_1_500' title='bbox 1224 2280 1266 2284; x_wconf 91' lang='lat'>-—</span> <span class='ocrx_word' id='word_1_501' title='bbox 1285 2264 1430 2302; x_wconf 74' lang='lat' dir='ltr'>princip.</span> <span class='ocrx_word' id='word_1_502' title='bbox 1456 2261 1529 2293; x_wconf 85' lang='lat' dir='ltr'>hier</span> <span class='ocrx_word' id='word_1_503' title='bbox 1551 2259 1617 2291; x_wconf 87' lang='lat' dir='ltr'>wie</span> 
     </span>
     <span class='ocr_line' id='line_1_70' title="bbox 937 2306 1617 2349; baseline -0.003 -10"><span class='ocrx_word' id='word_1_504' title='bbox 937 2319 962 2339; x_wconf 93' lang='lat' dir='ltr'>c.</span> <span class='ocrx_word' id='word_1_505' title='bbox 993 2310 1046 2348; x_wconf 83' lang='lat'>31,</span> <span class='ocrx_word' id='word_1_506' title='bbox 1074 2309 1105 2348; x_wconf 82' lang='lat'>6,</span> <span class='ocrx_word' id='word_1_507' title='bbox 1138 2308 1257 2339; x_wconf 86' lang='lat' dir='ltr'>anders</span> <span class='ocrx_word' id='word_1_508' title='bbox 1283 2306 1304 2349; x_wconf 65' lang='grc' dir='ltr'>ξ</span> <span class='ocrx_word' id='word_1_509' title='bbox 1329 2309 1361 2341; x_wconf 85' lang='grc'><strong>9.</strong></span> <span class='ocrx_word' id='word_1_510' title='bbox 1390 2325 1432 2330; x_wconf 64' lang='lat'>—-</span> <span class='ocrx_word' id='word_1_511' title='bbox 1456 2308 1617 2339; x_wconf 79' lang='lat' dir='ltr'>Phaeneas</span> 
     </span>
     <span class='ocr_line' id='line_1_71' title="bbox 936 2350 1617 2395; baseline -0.003 -11"><span class='ocrx_word' id='word_1_512' title='bbox 936 2354 1026 2385; x_wconf 76' lang='lat' dir='ltr'>steht</span> <span class='ocrx_word' id='word_1_513' title='bbox 1052 2363 1093 2384; x_wconf 85' lang='lat' dir='ltr'>an</span> <span class='ocrx_word' id='word_1_514' title='bbox 1120 2354 1178 2385; x_wconf 90' lang='lat' dir='ltr'>der</span> <span class='ocrx_word' id='word_1_515' title='bbox 1202 2353 1314 2395; x_wconf 89' lang='lat' dir='ltr'>Spitze</span> <span class='ocrx_word' id='word_1_516' title='bbox 1340 2353 1399 2384; x_wconf 85' lang='lat' dir='ltr'>der</span> <span class='ocrx_word' id='word_1_517' title='bbox 1434 2350 1617 2393; x_wconf 75' lang='lat' dir='ltr'>gemiissig-</span> 
     </span>
     <span class='ocr_line' id='line_1_72' title="bbox 936 2397 1618 2439; baseline -0.003 -9"><span class='ocrx_word' id='word_1_518' title='bbox 936 2403 994 2431; x_wconf 84' lang='lat' dir='ltr'>ten</span> <span class='ocrx_word' id='word_1_519' title='bbox 1019 2397 1145 2439; x_wconf 85' lang='lat' dir='ltr'>Partei,</span> <span class='ocrx_word' id='word_1_520' title='bbox 1171 2409 1196 2431; x_wconf 83' lang='lat' dir='ltr'>s.</span> <span class='ocrx_word' id='word_1_521' title='bbox 1224 2409 1250 2430; x_wconf 90' lang='grc'>6.</span> <span class='ocrx_word' id='word_1_522' title='bbox 1277 2400 1330 2436; x_wconf 82' lang='grc'>33,</span> <span class='ocrx_word' id='word_1_523' title='bbox 1365 2401 1394 2438; x_wconf 77' lang='lat'>7,</span> <span class='ocrx_word' id='word_1_524' title='bbox 1433 2398 1498 2429; x_wconf 84' lang='lat' dir='ltr'>und</span> <span class='ocrx_word' id='word_1_525' title='bbox 1521 2397 1618 2429; x_wconf 88' lang='lat' dir='ltr'>sucht</span> 
     </span>
     <span class='ocr_line' id='line_1_73' title="bbox 933 2443 1617 2486; baseline -0.004 -10"><span class='ocrx_word' id='word_1_526' title='bbox 933 2444 1022 2486; x_wconf 85' lang='lat' dir='ltr'>jetzt</span> <span class='ocrx_word' id='word_1_527' title='bbox 1047 2455 1087 2476; x_wconf 90' lang='lat' dir='ltr'>zu</span> <span class='ocrx_word' id='word_1_528' title='bbox 1112 2444 1188 2486; x_wconf 77' lang='lat' dir='ltr'>sp&#39;at</span> <span class='ocrx_word' id='word_1_529' title='bbox 1213 2445 1275 2476; x_wconf 87' lang='lat' dir='ltr'>den</span> <span class='ocrx_word' id='word_1_530' title='bbox 1299 2443 1442 2476; x_wconf 84' lang='lat' dir='ltr'>Fricden</span> <span class='ocrx_word' id='word_1_531' title='bbox 1467 2443 1551 2474; x_wconf 88' lang='lat' dir='ltr'>noch</span> <span class='ocrx_word' id='word_1_532' title='bbox 1577 2453 1617 2474; x_wconf 92' lang='lat' dir='ltr'>zu</span> 
     </span>
     <span class='ocr_line' id='line_1_74' title="bbox 938 2487 1618 2524; baseline -0.004 -2"><span class='ocrx_word' id='word_1_533' title='bbox 938 2489 1101 2524; x_wconf 83' lang='lat' dir='ltr'>erhalten.</span> <span class='ocrx_word' id='word_1_534' title='bbox 1134 2508 1178 2512; x_wconf 61' lang='lat'>&gt;—</span> <span class='ocrx_word' id='word_1_535' title='bbox 1211 2492 1448 2522; x_wconf 65' lang='lat' dir='ltr'>reconciliatore</span> <span class='ocrx_word' id='word_1_536' title='bbox 1487 2487 1618 2520; x_wconf 80' lang='lat' dir='ltr'>scheint</span> 
     </span>
    </p>
   </div>
   <div class='ocr_carea' id='block_1_6' title="bbox 938 2535 1618 2577">
    <p class='ocr_par' dir='ltr' id='par_1_8' title="bbox 938 2535 1618 2577">
     <span class='ocr_line' id='line_1_75' title="bbox 938 2535 1618 2577; baseline -0.003 -11"><span class='ocrx_word' id='word_1_537' title='bbox 938 2535 1009 2567; x_wconf 88' lang='lat' dir='ltr'>sich</span> <span class='ocrx_word' id='word_1_538' title='bbox 1046 2540 1138 2567; x_wconf 81' lang='lat' dir='ltr'>soust</span> <span class='ocrx_word' id='word_1_539' title='bbox 1173 2535 1263 2567; x_wconf 83' lang='lat' dir='ltr'>nicht</span> <span class='ocrx_word' id='word_1_540' title='bbox 1300 2546 1341 2567; x_wconf 90' lang='lat' dir='ltr'>zu</span> <span class='ocrx_word' id='word_1_541' title='bbox 1383 2535 1508 2577; x_wconf 73' lang='lat' dir='ltr'>fiuden3</span> <span class='ocrx_word' id='word_1_542' title='bbox 1554 2535 1618 2565; x_wconf 71' lang='lat' dir='ltr'>dis-</span> 
     </span>
    </p>
   </div>
  </div>
 </body>
</html>
