1747 2841
676 135 801 168 LIBER
824 133 990 168 XXXVI.
1015 133 1109 167 CAP.
1138 137 1189 169 14.
1498 140 1523 159 a.
1539 140 1568 159 11-
1591 132 1655 160 563.

222 137 304 179 110

221 240 304 279 sine
327 239 570 278 cunctatione
593 246 651 278 est
673 241 782 281 facta,
806 238 1070 288 traditumque
1091 237 1328 288 praesidium
1342 237 1494 288 regium
1507 242 1544 276 et
1559 249 1650 275 cum

183 306 201 337 3
220 297 266 336 iis
288 296 534 334 Athamanes.
586 295 633 334 ab
654 295 841 334 Limnaeo
862 294 1101 333 Pellinaeum
1123 294 1262 333 consul
1282 293 1554 344 proficiscitur.
1597 293 1650 332 ibi

221 353 338 404 primi
352 353 587 391 Athamanes
603 352 846 391 tradiderunt
866 363 963 397 sese,
980 350 1119 389 deinde
1140 356 1178 389 et
1197 350 1400 401 Philippus
1422 350 1649 401 Megalopo-
1682 363 1687 367 ’

180 420 201 452 4
219 410 380 454 litanus3
403 409 466 447 cui
488 408 689 447 decedenti
710 407 903 458 praesidio
924 419 1013 445 cum
1036 406 1175 445 obvius
1187 408 1288 446 forte
1304 406 1652 457 t'uissetPhilippus

220 479 301 512 rex,
326 465 373 504 ad
398 464 612 503 ludibrium
630 477 761 516 regem
785 476 876 502 eum
900 463 1134 502 consalutari
1154 463 1277 509 iussit,
1306 463 1390 514 ipse
1414 475 1653 514 congressus

181 532 201 563 5
221 524 380 561 fratrem
412 521 516 559 haud
547 533 638 559 sane
667 522 809 559 decoro
842 520 1028 559 maiestati
1049 532 1141 558 suae
1161 520 1248 558 ioco
1271 519 1485 570 appellavit.
1525 519 1650 572 deduss

221 586 306 618 ctus
334 578 426 616 inde
456 577 502 615 ad
535 577 737 616 consulem
768 577 954 616 custodiri
982 577 1113 615 iussus
1140 582 1178 614 et
1204 576 1309 614 haud
1338 577 1389 614 ita
1419 575 1541 614 multo
1564 581 1655 626 post

220 636 260 674 in
281 634 445 673 vinculis
466 635 633 673 Romam
654 635 810 672 missus.
833 640 956 672 cetera
977 632 1183 671 multitudo
1205 633 1468 671 Athamanum
1489 639 1554 671 aut
1575 632 1652 670 mi-

220 692 333 730 litum
351 690 532 729 Antiochi
560 691 673 741 regis,
706 703 804 741 quae
834 690 875 728 in
907 689 1108 740 praesidiis
1140 688 1362 727 deditorum
1383 701 1455 739 per
1480 701 1548 727 eos
1570 688 1652 728 dies

223 747 461 798 oppidorum
484 750 622 793 fuerat,
641 747 820 798 Philippo
842 746 978 785 tradita
999 746 1080 797 regi
1103 751 1181 793 est3
1208 748 1318 784 fuere
1332 752 1463 784 autem
1477 745 1523 784 ad
1537 752 1652 795 quat-

183 818 202 849 6
222 811 313 843 tuor
339 803 442 842 milia
464 804 684 842 hominum.
732 803 870 841 consul
890 803 1063 841 Larisam
1085 808 1142 840 est
1160 804 1373 853 profectus,
1393 802 1447 840 ihi
1470 802 1517 840 de
1538 814 1651 840 sum-

224 873 285 899 ma
311 860 400 899 belli
428 860 729 899 consultaturus.
771 860 813 898 in
843 860 981 898 itinere
1012 859 1059 897 ab
1091 859 1215 897 Cierio
1248 865 1285 897 et
1306 858 1513 910 Metropoli
1540 858 1653 909 legati

183 930 201 960 7
222 916 417 956 tradentes
447 916 566 955 urbes
597 929 686 955 suas
718 922 988 955 occurrerunt.
1027 916 1230 966 Philippus
1251 915 1514 954 Athamanum
1537 927 1653 966 prae-

225 974 338 1025 cipue
361 973 520 1024 captivis
543 973 791 1024 indulgenter
813 973 963 1019 habitis,
995 979 1038 1011 ut
1057 984 1127 1023 per
1148 984 1214 1010 eos
1238 971 1461 1010 conciliaret
1484 977 1653 1022 gentem,

224 1036 360 1068 nactus
391 1042 502 1080 spem
523 1030 774 1068 Athamaniae
804 1030 1010 1079 potiendae
1031 1029 1244 1067 exercitum
1266 1041 1312 1067 eo
1334 1028 1444 1067 duxit
1461 1028 1653 1079 praemis-

184 1098 204 1130 S
224 1087 275 1125 sis
297 1087 338 1124 in
360 1086 529 1125 civitates
554 1086 726 1136 captivis.
767 1092 804 1124 et
832 1086 885 1124 illi
906 1098 1087 1137 magnam
1107 1085 1375 1124 auctoritatem
1395 1085 1499 1136 apud
1520 1097 1652 1136 popu-

222 1143 321 1182 lares
344 1143 576 1189 habuerunt,
602 1142 847 1181 clementiam
868 1155 957 1193 erga
979 1155 1020 1181 se
1032 1142 1133 1193 regis
1144 1142 1528 1192 munificentiamque
1541 1153 1653 1180 eom-

185 1209 205 1241 9
226 1206 500 1245 memorantes,
531 1205 567 1238 et
586 1199 850 1250 Amynander,
870 1200 981 1238 cuius
1002 1199 1217 1249 praesentis
1240 1199 1419 1237 maiestas
1441 1198 1592 1249 aliquos
1612 1198 1655 1237 in

225 1256 300 1294 fide
331 1256 607 1301 continuisset,
648 1256 816 1302 veritus,
858 1268 908 1294 ne
935 1255 1153 1294 traderetur
1182 1255 1362 1305 Philippo
1393 1255 1470 1293 iam
1501 1254 1655 1306 pridem

223 1312 326 1351 hosti
348 1318 384 1351 et
403 1312 590 1351 Romanis
608 1312 745 1350 merito
768 1317 862 1350 tunc
882 1319 1044 1362 propter
1067 1311 1327 1350 defectionem
1346 1311 1524 1357 infensis,
1563 1323 1655 1349 cum

225 1369 391 1420 coniuge
421 1380 465 1407 ac
493 1368 624 1407 liberis
650 1380 773 1419 regno
796 1369 959 1407 excessit
979 1368 1307 1418 Ambraciamque
1327 1380 1368 1406 se
1390 1367 1574 1407 contulit:
1604 1368 1656 1406 ita

164 1437 205 1468 10
224 1425 453 1464 Athamania
471 1425 598 1463 omnis
622 1425 662 1463 in
685 1425 746 1463 ius
772 1425 1046 1476 dicionemque
1081 1425 1250 1475 Philippi
1272 1425 1474 1463 concessit.
1518 1424 1657 1463 consul

224 1483 270 1520 ad
302 1482 509 1520 reficienda
541 1481 709 1520 maxime
730 1481 915 1528 iumenta,
944 1494 1043 1532 quae
1063 1488 1100 1520 et
1120 1481 1364 1532 navigatione
1384 1487 1421 1520 et
1437 1487 1573 1532 postea
1591 1481 1656 1520 iti-

223 1605 291 1636 lien
323 1615 364 1636 zu
400 1604 539 1636 Baebius
565 1606 684 1644 stiisst,
723 1615 748 1636 s.
779 1606 821 1638 3ss
873 1606 904 1645 6,

228 1653 264 1691 13
289 1652 343 1690 32,
372 1652 424 1690 14,
457 1652 486 1683 5.

269 1698 370 1729 4—7.
410 1697 509 1729 deeed.
538 1706 645 1735 praes.
671 1705 697 1727 s.
725 1697 780 1736 32,
805 1698 837 1735 7,
864 1698 904 1739 4;

224 1742 287 1781 38,
324 1742 481 1781 37,1o,
514 1751 540 1772 5.
573 1751 613 1772 zu
639 1741 700 1781 32,
741 1743 780 1781 7,
814 1743 906 1774 4.—

214 1789 339 1829 fuz'sset
363 1788 418 1827 45,
444 1788 499 1826 44,
529 1788 578 1820 10.
616 1804 654 1809 —
689 1798 793 1828 reyem
818 1797 844 1819 c,
874 1788 904 1827 8,

225 1835 263 1875 3;
290 1836 395 1874 App.:
422 1830 617 1871 ἐλπίζοντα
643 1832 694 1866 ἔτι
722 1832 787 1873 τὴν
812 1836 907 1865 Mra-

976 1606 1214 1646 2.—indulq.,
1239 1614 1265 1635 s.
1292 1601 1410 1645 fragm.
1433 1603 1456 1635 l.
1488 1605 1569 1637 133:
1586 1615 1656 1636 oum

974 1651 1013 1681 ab
1038 1652 1185 1691 Auqusto
1219 1656 1310 1689 capta
1335 1649 1522 1691 (Cleopatra)
1547 1652 1658 1682 indul-

973 1699 1100 1738 9entius
1129 1701 1332 1734 tractaretur,
1364 1696 1420 1735 23,
1448 1696 1505 1735 43,
1534 1697 1585 1728 11.
1611 1713 1656 1719 —-

974 1743 1107 1773 Atlmm.
1128 1747 1215 1781 pot„
1246 1741 1321 1772 dass
1345 1740 1414 1772 ihm
1443 1741 1501 1773 der
1532 1740 1656 1772 Consul

976 1786 1029 1818 die
1078 1787 1309 1818 Besitznahme
1353 1790 1523 1827 gestattet-
1557 1786 1655 1827 habe,

974 1832 1060 1863 wird
1086 1836 1155 1864 erst
1180 1833 1234 1873 39,
1274 1833 1329 1872 23,
1372 1834 1432 1875 103
1469 1831 1513 1863 ib.
1538 1833 1594 1872 28,
1636 1834 1658 1866 4

223 1875 388 1911 κεδόνων
413 1873 540 1922 ἀρχήν.
559 1895 600 1899 —
623 1880 667 1910 ad
693 1880 824 1918 Zudibr„
851 1888 905 1910 um
974 1878 1135 1910 hemerkt.
1176 1896 1220 1900 —
1254 1880 1423 1917 praemiss.
1475 1881 1539 1909 etc.
1582 1875 1657 1918 ffigt

223 1924 281 1955 ihn
305 1934 345 1955 zu
369 1927 574 1965 verspotten,
609 1925 665 1963 26,
692 1924 746 1963 32,
774 1926 793 1956 5
818 1935 849 1955 u.
876 1934 904 1955 a.
975 1923 1068 1955 nicht
1101 1924 1184 1955 ohne
1209 1922 1323 1963 H'zirte,
1363 1923 1404 1954 da
1428 1922 1555 1955 bereits
1580 1933 1657 1962 cap-

225 1986 269 1992 —
309 1971 475 2009 comedat„
519 1971 549 2009 1,
591 1971 622 2009 7,
668 1970 703 2009 1;
744 1970 799 2009 22,
850 1970 905 2007 30,
975 1972 1049 2002 civis
1074 1987 1117 1991 —
1143 1970 1259 2001 habitis
1284 1969 1489 2010 vorausgeht
1514 1968 1581 2000 und
1598 1968 1657 2001 der

226 2017 255 2048 2.
292 2032 335 2037 -—
360 2016 480 2056 fratr„
506 2015 562 2055 35,
593 2016 648 2055 47,
685 2017 714 2047 5.
749 2033 792 2036 -—
817 2017 908 2046 haud
975 2014 1103 2056 Begriff
1125 2013 1347 2046 Athamanien
1374 2024 1410 2046 so
1440 2013 1490 2046 oft
1513 2013 1658 2055 gedacht

224 2073 248 2092 s.
273 2063 390 2100 decor„
429 2059 498 2101 vgl.
529 2061 582 2100 32,
621 2061 676 2101 34,
703 2061 734 2092 3.
760 2080 804 2085 —-
834 2062 909 2092 duci

226 2123 269 2128 —
303 2108 426 2147 iussus,
482 2115 509 2137 e.
543 2106 574 2145 6,
616 2107 657 2145 43
693 2107 745 2145 10,
786 2108 838 2146 17,
866 2108 905 2139 9:

225 2154 313 2183 miles
361 2170 404 2174 -
445 2154 573 2191 potitus
611 2169 657 2173 —
694 2158 817 2183 coaetus
861 2169 906 2173 —-

227 2200 300 2230 inde
329 2200 453 2229 duetus,
481 2214 526 2219 —
551 2203 607 2229 aut
633 2199 738 2237 ondit„
765 2196 817 2228 die
848 2196 906 2228 be-

225 2243 323 2274 stand
356 2242 457 2274 theils
483 2253 541 2274 aus
569 2260 612 2265 -
637 2242 737 2274 theils
763 2251 833 2274 aus.
863 2260 903 2264 —

225 2291 268 2320 ad
298 2294 398 2329 quaet.
424 2300 483 2326 m,
515 2288 654 2330 Appian.
683 2288 705 2319 l.
734 2287 775 2319 l.:
806 2283 906 2321 εἶλον

227 2333 268 2366 δὲ
300 2334 362 2366 καὶ
387 2334 460 2366 τῶν
480 2330 717 2376 Ἀντιοχείων
740 2333 776 2369 ἐς
801 2342 905 2377 τρισ-

225 2379 381 2421 χιλίους,
406 2378 478 2410 also
506 2380 589 2410 ohne
616 2379 668 2411 die
686 2379 907 2412 Athamanen.

229 2442 272 2446 —
293 2427 330 2456 de
353 2436 488 2465 summa,
515 2435 542 2456 c.
566 2425 598 2465 6,
618 2426 657 2466 63
674 2424 708 2456 in
726 2424 816 2456 diese
832 2424 910 2455 Zeit

228 2468 309 2500 faint
335 2470 420 2501 auch
437 2469 505 2501 wol
525 2469 576 2501 die
598 2481 626 2503 c.
645 2472 676 2510 5,
702 2472 722 2503 2
742 2470 908 2511 angedeu-

227 2519 298 2546 tete
335 2514 531 2556 Th'zitigkeit
557 2514 677 2547 Cato‘s.
702 2533 749 2538 ——
777 2518 856 2548 Cier.
884 2522 911 2548 et

227 2562 375 2601 Metrop„
409 2571 436 2592 c.
466 2563 516 2601 10,
543 2563 574 2594 2.
601 2579 644 2584 --
670 2563 764 2601 trad„
794 2563 849 2602 21,
876 2562 907 2601 6,

974 2060 1110 2092 werden
1136 2070 1235 2100 muss,
1255 2059 1326 2091 eine
1340 2070 1422 2092 neue
1435 2059 1658 2101 Bestimmung

975 2116 1015 2137 zu
1041 2108 1133 2137 duxit
1159 2105 1271 2140 hinzu.

1026 2152 1122 2184 8—9.
1163 2157 1191 2183 et
1215 2153 1266 2183 illi
1291 2151 1476 2192 entsprieht
1498 2157 1526 2183 et
1551 2152 1658 2192 Amy-

976 2199 1112 2236 nander,
1138 2198 1189 2228 illi
1210 2196 1255 2228 ist
1280 2207 1320 2228 zu
1345 2196 1498 2228 betonen.
1515 2214 1560 2219 ——
1579 2207 1656 2229 con-

976 2245 1125 2275 tinuisset
1158 2242 1203 2273 ist
1228 2241 1450 2282 conditional,
1476 2244 1657 2282 praesentis

976 2288 1065 2319 also:
1090 2291 1122 2319 si
1142 2295 1209 2320 tum
1228 2299 1383 2328 praesens
1411 2294 1498 2320 esset.
1524 2306 1568 2310 —
1593 2290 1658 2320 iam

968 2336 1071 2373 prid,
1105 2335 1138 2372 2,
1165 2334 1218 2373 59,
1245 2334 1282 2366 3:
1310 2335 1410 2366 vietor
1433 2335 1519 2372 imm;
1541 2334 1574 2373 3,
1602 2334 1657 2374 52,

980 2382 1018 2419 53
1043 2389 1102 2410 zur
1129 2378 1234 2410 Sache
1261 2380 1315 2418 31,
1341 2379 1396 2419 28,
1426 2381 1453 2412 1.
1470 2396 1515 2400 -
1535 2379 1658 2419 deseca,

979 2425 1033 2464 35,
1065 2427 1118 2457 47.
1150 2442 1194 2446 -
1227 2426 1277 2455 ius
1306 2426 1379 2465 dia,
1405 2434 1431 2455 S.
1460 2425 1514 2463 32,
1543 2424 1597 2464 33,
1625 2425 1657 2464 8,

980 2469 1133 2503 ahnliche
1158 2469 1313 2501 Formeln
1349 2479 1374 2501 s.
1401 2479 1428 2502 c.
1455 2470 1510 2509 39,
1536 2471 1576 2510 93
1601 2470 1657 2509 34,

981 2518 1035 2555 57,
1065 2518 1083 2548 7
1110 2526 1140 2546 u.
1167 2525 1196 2547 a.
1223 2533 1266 2537 —
1294 2517 1429 2556 comoed„
1456 2515 1510 2555 38,
1539 2515 1592 2556 16,
1618 2515 1659 2557 9;

981 2562 1034 2602 28,
1063 2563 1094 2601 7,
1120 2563 1140 2594 9
1168 2571 1198 2592 u.
1224 2570 1253 2593 a.
