1747 2841
131 114 159 134 a.
178 106 230 134 Ch.
252 107 311 135 190.

571 106 695 140 LIBER
715 107 895 143 XXXVII.
921 107 1015 141 CAP.
1043 109 1070 142 1.
1095 109 1126 142 2.

1480 111 1560 153 161

120 211 291 263 vplorum
312 211 522 250 memoriae
541 210 616 249 iam
639 211 810 251 exoletae
830 211 944 250 relata
967 211 1231 262 expectatione
1252 213 1472 252 certaminis
1493 226 1557 254 se-

131 274 268 307 natum
296 267 498 314 erexisset,
524 266 566 305 P.
597 267 726 318 Scipio
748 268 955 307 Africanus
980 267 1094 313 dixit,
1132 267 1163 306 si
1187 267 1229 306 L.
1251 268 1425 318 Scipioni
1449 271 1558 310 fratri

130 336 204 364 suo
245 323 486 375 provinciam
515 323 714 362 Graeciam
745 324 1027 373 decrevissent,
1066 335 1108 362 se
1138 323 1176 363 ei
1199 323 1365 375 legatum
1395 325 1556 365 iturum.

131 380 227 419 haec
246 391 323 418 vox
346 391 486 431 magno
516 379 685 418 adsensu
706 380 834 419 audita
854 379 1009 419 sustulit
1029 385 1247 418 certamen:
1270 380 1437 432 experiri
1455 381 1553 421 libe-
1578 397 1616 428 10

129 435 206 482 bat,
238 442 371 475 utrum
401 436 488 486 plus
519 436 599 487 regi
630 437 820 476 Antiocho
852 437 892 475 in
917 435 1130 474 Hannibale
1154 436 1253 476 victo
1275 449 1323 476 an
1344 436 1385 476 in
1407 437 1554 478 victore

129 492 313 531 Africano
345 492 497 531 consuli
524 492 825 544 legionibusque
845 492 1032 532 Romanis
1062 492 1192 530 auxilii
1214 494 1334 540 soret3
1365 505 1409 531 ac
1429 506 1554 545 prope

129 560 268 587 omnes
291 548 463 599 Scipioni
485 548 695 595 Graeciam,
717 549 844 588 Laelio
868 548 1013 587 Italiam
1039 548 1306 588 decreverunt.
1350 549 1553 590 Praetores
1575 560 1602 600 2

127 604 220 644 inde
250 605 470 655 provincias
493 605 616 644 sortiti
638 612 741 651 sunt,
761 606 804 644 L.
828 604 1118 643 Aurunculeius
1142 604 1344 652 urbanam,
1367 605 1435 645 Cn.
1458 606 1553 646 Ful-

127 661 215 700 vius
236 661 493 712 peregrinam,
522 661 564 700 L.
585 662 770 701 Aemilius
799 661 970 712 Regillus
990 661 1164 708 classem,
1186 661 1228 700 P.
1251 662 1388 701 Iunius
1407 662 1553 702 Brutus

127 717 302 764 Tuscos,
342 717 391 756 M.
424 718 590 757 Tuccius
619 718 799 769 Apuliam
827 723 864 757 et
887 717 1080 764 Bruttios,
1121 718 1160 756 C.
1191 718 1343 757 Atinius
1375 718 1554 758 Sit-iliam.

131 773 284 812 consuli
310 773 463 820 deinde,
485 774 547 813 cui
569 774 724 813 Graecia
748 774 947 825 provincia
968 773 1122 813 decreta
1144 780 1235 820 erat,
1257 774 1304 813 ad
1327 787 1419 813 eum
1439 787 1553 814 exer·
1573 781 1592 812 2

126 830 260 877 citum,
281 841 400 880 quem
423 842 443 869 a
463 830 524 869 Μ’.
545 830 665 869 Acilio
682 853 736 857 —
753 830 851 869 duae
874 835 1002 868 autem
1025 829 1197 881 legiones
1219 837 1330 870 erant
1345 853 1399 858 -
1414 843 1553 882 accep-

126 891 241 926 turus
272 892 392 933 esset,
423 887 463 925 in
492 887 810 937 supplementum
840 886 967 926 addita
992 886 1165 937 peditum
1187 886 1331 926 civium
1349 887 1553 927 Romano-

126 954 217 981 rum
237 942 306 981 tria
329 943 443 989 milia,
466 943 615 993 equites
635 949 805 989 centum,
831 949 867 982 et
886 943 1037 981 socium
1052 943 1176 982 Latini
1195 943 1366 982 nominis
1378 944 1554 995 quinque

128 999 242 1045 milia,
273 999 420 1049 equites
450 998 628 1046 ducenti3
661 1005 697 1038 et
725 999 930 1045 adiectum,
962 1005 1015 1045 ut,
1047 1011 1136 1038 cum
1156 999 1197 1038 in
1219 1000 1462 1051 provinciam
1482 1013 1552 1040 ve-
1572 1010 1592 1042 3

125 1055 258 1101 nisset,
285 1055 317 1094 si
344 1068 364 1094 e
387 1067 428 1094 re
449 1055 600 1106 publica
624 1055 820 1094 videretur
843 1068 938 1101 esse,
961 1056 1175 1094 exercitum
1196 1056 1236 1094 in
1259 1057 1390 1095 Asiam
1411 1057 1552 1096 traice-

125 1117 195 1150 ret.
246 1111 354 1150 alteri
376 1112 528 1150 consuli
552 1117 653 1151 totus
674 1123 800 1151 novus
821 1112 1011 1151 exercitus
1036 1112 1236 1159 decretus,
1266 1112 1551 1164 duaelegiones
1571 1125 1593 1157 4

124 1168 325 1207 Romanae
363 1174 400 1206 et
442 1168 592 1207 socium
621 1168 745 1207 Latini
776 1168 946 1207 nominis
978 1168 1202 1219 quindecim
1234 1169 1336 1208 milia
1364 1169 1551 1220 peditum,

124 1224 274 1275 equites
301 1224 484 1263 sexcenti.

126 1356 199 1379 neu.
230 1363 275 1370 —-
303 1352 413 1379 vetust.
453 1349 593 1387 exempl„
629 1346 804 1389 Beispiele,

125 1392 179 1424 die
187 1401 304 1433 wegen
314 1392 372 1424 der
380 1391 580 1433 langenZeit
591 1390 657 1423 fast
667 1402 805 1433 verges-

123 1447 182 1469 set·
205 1437 290 1478 sind,
325 1448 351 1470 S.
381 1439 435 1477 27,
471 1440 502 1477 8,
535 1438 573 1471 9:
608 1440 733 1470 exoletis
755 1449 804 1470 ve-

122 1489 240 1516 tustate
274 1501 318 1506 -
357 1485 524 1523 exemplis,-
567 1482 626 1514 der
668 1482 805 1515 Genitiv

126 1528 311 1571 entspricht
340 1539 432 1560 nova.
464 1546 508 1551 —-
533 1530 645 1569 relata,
679 1528 806 1560 wieder

126 1574 362 1615 vorgebracht,
395 1583 422 1606 c,
457 1575 488 1614 6,
523 1575 561 1613 73
601 1575 656 1613 26,
686 1575 737 1614 19,
766 1577 805 1615 7,

123 1620 180 1661 38,
195 1621 250 1661 51,
269 1619 450 1659 13Andere
460 1619 597 1651 nehmen
610 1629 644 1650 es
658 1629 723 1650 von
734 1619 805 1651 dem

127 1665 171 1697 im
204 1664 325 1697 Senate
354 1664 530 1705 gestthen
556 1664 716 1705 Antrage.
741 1663 804 1696 Ein

123 1710 300 1742 iihnlicher
331 1708 409 1742 Fall
446 1710 492 1742 ist
526 1709 591 1741 seit
625 1711 656 1750 8,
695 1711 745 1750 16,
773 1713 803 1750 5,

125 1755 193 1797 vgl.
223 1757 274 1796 10,
300 1757 362 1795 24,
388 1757 420 1796 3,
447 1757 478 1796 2,
504 1766 566 1787 nur
578 1754 729 1787 Perioch.
755 1753 805 1787 XI

123 1801 292 1833 erwiihnt.
316 1819 361 1824 —
377 1808 491 1840 expect.
515 1818 559 1823 ω·-
583 1811 642 1839 er.,
667 1802 722 1841 36,
750 1802 804 1840 34,

126 1848 157 1881 8.
188 1864 233 1870 —-
261 1848 292 1879 ei
316 1846 362 1879 ist
378 1845 659 1878 wahrscheinlich
683 1855 804 1887 ausge-

125 1891 240 1933 fallen,
265 1902 291 1924 s.
317 1893 372 1934 38,
396 1893 449 1932 58,
477 1893 515 1925 8:
541 1893 596 1924 cui
618 1909 663 1915 —
687 1894 805 1933 legatus

124 1940 162 1970 in
184 1939 300 1970 Asiam
324 1940 404 1977 iret3
431 1936 738 1978 x=⁷a1.Max.5,5‚
769 1939 805 1977 1,

124 1982 158 2014 in
202 1983 261 2014 der
305 1981 456 2015 Perioch.
500 1985 649 2035 leqatum
662 1961 805 2035 ,fo-airis,

126 2028 196 2069 v.gl
222 2027 351 2069 ib.XI3
376 2027 562 2079 ΑΡΡ133.Ι.
587 2024 806 2083 1.ὃς(Λει-

124 2086 204 2112 κιος
229 2074 408 2114 Σκιπίων)
440 2069 523 2107 τότε
559 2071 684 2112 αὐτοῖς
708 2071 805 2106 ὕπα-

125 2131 188 2157 τος
211 2115 266 2161 ἦν,
294 2116 469 2173 ἀπράκτῳ
494 2115 526 2152 δ’
559 2115 642 2153 ὄντι
675 2120 736 2152 καὶ
762 2116 806 2152 ἆ-

125 2165 390 2217 πειροπολέμῳ
416 2166 632 2209 συμβουλον
656 2165 806 2210 αἱροῦν-

125 2223 188 2244 ται
227 2206 401 2244 Πόπλιον
440 2212 650 2252 Σκιπίωνα,
687 2198 805 2242 anders

124 2255 259 2288 erzahlt
288 2256 348 2287 den
367 2254 522 2296 Hergaug
546 2254 612 2287 Cic.
641 2236 726 2288 Phil.
754 2257 806 2295 11,

127 2303 162 2342 7,
193 2303 251 2334 17:
276 2312 351 2333 nam
382 2302 677 2334 extraordinarium
712 2304 806 2341 impe-

126 2349 215 2379 rium
231 2349 389 2387 pamulare
411 2357 448 2378 ao
469 2353 631 2378 ventosum
662 2354 717 2386 eet,
748 2349 807 2378 mi-

125 2394 212 2425 nime
258 2398 385 2425 nostrae
429 2394 607 2434 qravitacie.
652 2409 690 2414 —
732 2393 808 2424 bello

127 2439 326 2470 Antiochino
350 2454 394 2459 ——
417 2448 486 2469 cum
510 2439 549 2469 L.
568 2438 719 2477 Scipioni
730 2447 807 2477 pro-

127 2485 234 2516 vincia
254 2482 342 2516 Asia
365 2484 544 2523 obvenisset,
565 2493 747 2524 parumque
773 2485 807 2514 in

126 2540 162 2562 eo
197 2535 372 2570 putaretur
417 2539 481 2562 esse
521 2530 640 2568 animi,
687 2539 809 2569 parum

198 2589 246 2615 'rit
273 2590 335 2616 Liv.
357 2588 436 2618 vm.

537 1224 750 1263 exercitum
782 1237 829 1263 ex
856 1224 1066 1276 Liguribus
1096 1225 1140 1272 Q.
1172 1225 1364 1264 Minucius
1395 1248 1450 1253 -—
1475 1226 1553 1265 iam
1573 1234 1592 1266 5

874 1349 1009 1389 roboris,
1033 1353 1225 1389 senatusque
1247 1349 1292 1379 ad
1306 1349 1453 1390 eolleqam
1473 1350 1552 1390 eius,

875 1395 907 1426 0.
945 1394 1092 1425 Laelium
1124 1410 1168 1415 —
1207 1395 1368 1434 neqotium
1402 1394 1552 1434 deferret,

873 1441 1014 1471 surrexit
1045 1440 1082 1471 P.
1115 1439 1299 1479 Africanus
1329 1456 1370 1461 ——
1406 1445 1433 1471 et
1466 1441 1555 1471 illam

873 1485 1081 1525 iynominiam
1107 1496 1126 1515 a
1147 1485 1277 1523 familia
1307 1485 1490 1523 deprecatus
1511 1490 1556 1517 est

874 1531 1024 1570 discitque,
1058 1535 1086 1561 et
1110 1547 1154 1551 —
1185 1540 1284 1570 neque
1315 1540 1346 1561 se
1368 1532 1399 1562 ei
1419 1532 1554 1571 leqatum

873 1576 1071 1615 defuturum.
1089 1576 1253 1615 quodcum
1262 1581 1339 1607 esset
1347 1576 1386 1607 ab
1395 1586 1428 1607 eo
1438 1577 1556 1607 dictum

872 1623 958 1652 nihil
979 1627 1023 1652 est
1046 1622 1084 1652 de
1107 1621 1265 1659 Scipionis
1282 1622 1456 1660 provincia
1482 1631 1555 1652 mu-

873 1672 996 1705 tatam;
1025 1664 1151 1696 wieder
1174 1665 1292 1697 anders
1310 1675 1369 1707 pro
1387 1665 1472 1697 Mur.
1501 1667 1554 1706 14,

874 1712 935 1751 32,
960 1710 1073 1751 Lange
1100 1712 1131 1751 2,
1166 1711 1243 1744 211.
1269 1728 1313 1733 —
1338 1721 1453 1751 emper„
1486 1711 1555 1752 vgl.

873 1755 953 1788 lust.
977 1756 998 1787 1.
1029 1756 1050 1788 l.

921 1843 962 1883 2.
993 1848 1090 1879 1-4.
1123 1848 1213 1878 Tuae.
1244 1847 1310 1886 Ap.
1343 1847 1463 1885 Brute„
1499 1846 1554 1886 35,
1582 1882 1583 1885 Ἰ

874 1893 929 1932 20,
958 1894 1009 1925 10.
1035 1909 1079 1914 —
1104 1893 1229 1933 Graeo.,
1258 1901 1285 1924 c.
1314 1893 1343 1933 1,
1370 1893 1407 1931 Τ,
1437 1892 1491 1931 36,
1525 1893 1553 1931 1,

874 1939 905 1971 6.
933 1955 976 1960 -
1000 1939 1081 1969 duae
1105 1954 1148 1960 —
1166 1944 1269 1978 erant,
1295 1936 1347 1968 die
1364 1935 1555 1977 Erkl'arung

874 1983 920 2015 ist
947 1982 1179 2023 nachtriiglich
1203 1982 1236 2014 in
1266 1983 1326 2014 den
1345 1981 1554 2014 Relativsatz

874 2028 1127 2069 eingeschoben,
1161 2027 1226 2059 wie
1266 2027 1302 2059 L.
1336 2027 1422 2058 auch
1461 2031 1555 2059 sonst

874 2072 1105 2106 Parenthesen
1139 2073 1232 2104 nicht
1264 2073 1379 2104 immer
1408 2083 1449 2104 zu
1483 2072 1555 2104 dem

874 2119 997 2152 VVorte
1022 2122 1121 2158 setzt‚
1147 2129 1187 2150 zu
1212 2118 1285 2150 dem
1317 2117 1365 2149 sie
1397 2118 1554 2159 gehiirem

873 2175 899 2197 s.
926 2166 979 2205 36,
1007 2166 1061 2204 30,
1097 2166 1129 2204 4,
1163 2174 1214 2196 zu.
1249 2164 1302 2203 33,
1340 2164 1392 2200 18,
1427 2165 1468 2204 9,
1500 2164 1556 2203 25,

879 2211 932 2250 16,
960 2212 990 2243 5.
1018 2227 1063 2232 —-
1087 2211 1160 2241 Lat.
1177 2220 1259 2240 nom.
1286 2208 1350 2239 wie
1376 2206 1398 2250 ξ
1424 2210 1465 2249 4,
1495 2218 1557 2239 an-

875 2255 951 2287 ders
979 2253 1000 2296 ξ
1029 2256 1068 2295 6,
1095 2256 1135 2294 9,
1162 2254 1244 2286 iiber
1268 2253 1326 2285 das
1344 2252 1430 2286 Heer
1454 2264 1480 2285 s.
1500 2255 1555 2294 36,

880 2303 932 2340 14,
968 2302 994 2334 1.
1030 2318 1073 2322 -
1109 2302 1140 2331 εἰ
1171 2311 1186 2331 e
1219 2311 1246 2331 r.
1282 2300 1364 2339 vid.,
1403 2298 1557 2340 obgleich

877 2346 962 2377 nach
995 2356 1020 2377 c.
1061 2347 1088 2387 1,
1128 2346 1167 2378 10
1201 2345 1260 2376 der
1292 2342 1396 2385 Krieg
1430 2343 1556 2376 bereits

876 2391 926 2423 als
951 2390 1163 2422 beschlossen
1184 2389 1376 2421 betrachtet
1404 2389 1497 2421 wird.

924 2438 1022 2470 5—6.
1047 2447 1145 2468 exere.
1163 2453 1206 2458 —
1223 2437 1359 2477 Minue„
1383 2445 1410 2468 s,
1436 2445 1476 2466 zu
1502 2435 1557 2475 36,

879 2484 908 2522 1,
935 2484 973 2521 9,
1000 2481 1043 2514 ib.
1059 2482 1113 2522 37,
1129 2482 1169 2522 6,
1199 2482 1252 2520 38,
1271 2482 1306 2520 1;
1324 2479 1360 2511 L.
1376 2478 1461 2521 folgt
1473 2479 1558 2521 hier,

876 2526 898 2569 ξ
921 2530 940 2560 5
956 2538 987 2559 u.
1007 2529 1045 2562 6:
1058 2529 1173 2566 priore
1186 2537 1281 2566 anno,
1305 2525 1397 2558 einer
1415 2525 1560 2558 anderen

1296 2583 1333 2616 11
