1747 2841
47 148 75 170 a.
93 141 146 169 eh.
168 141 229 168 189.

460 139 584 173 LIBER
597 138 792 174 XXXVIII.
819 137 911 172 CAP.
933 141 982 173 11.
1000 139 1050 173 12.

1389 137 1474 181 285

49 245 148 285 urbe
168 245 347 298 agrisque
368 248 616 284 Acarnanum
637 246 792 283 sunto.“
821 243 880 282 his
899 242 1048 294 legibus
1072 241 1211 281 foedus
1238 242 1357 281 ictum
1381 254 1473 281 cum

50 302 194 342 Aetolis
216 306 284 341 est.

163 358 308 398 Eadem
335 368 415 396 non
447 362 587 396 aestate
606 357 756 403 solum,
787 356 854 395 sed
883 355 996 395 etiam
1017 355 1155 394 iisdem
1179 366 1302 406 prope
1323 354 1473 401 diebus,
1497 358 1553 399 12

51 415 196 467 quibus
225 415 320 453 haec
349 425 370 452 a
390 414 438 452 Μ.
461 413 597 452 Fulvio
630 413 792 452 consule
824 413 864 451 in
887 411 1031 451 Aetolia
1064 418 1168 463 gesta
1197 418 1307 458 sunt,
1335 411 1474 450 consul

50 472 144 512 alter
164 470 233 511 Cn.
253 470 419 509 Manlius
440 470 480 508 in
502 470 760 521 Gallograecia
781 469 926 508 bellum
950 468 1076 520 gessit,
1097 468 1203 519 quod
1223 480 1332 507 nunc
1352 467 1474 507 ordiri

50 539 221 580 pergam.

271 538 361 565 vere
393 527 521 577 primo
543 526 740 577 Ephesum
773 525 911 565 consul
933 525 1058 571 venit,
1085 525 1330 576 acceptisque
1352 524 1474 576 copiis
1492 532 1513 565 2

51 584 98 624 ab
124 584 167 622 L.
179 583 361 634 Scipione
383 589 420 622 et
439 583 608 622 exercitu
631 583 791 622 lustrato
814 582 1038 621 contionem
1060 581 1162 632 apud
1178 582 1316 621 milites
1328 581 1474 628 hahuit,

51 652 128 692 qua
158 639 370 679 collaudata
402 640 540 678 virtute
572 652 730 685 eorum,
760 639 866 690 quod
900 650 990 677 cum
1011 638 1202 677 Antiocho
1223 651 1303 677 uno
1325 638 1474 689 proelio
1495 650 1516 683 3

50 696 319 743 debellassent,
341 696 568 735 adhortatus
587 708 655 735 eos
678 696 734 735 ad
761 707 908 734 novum
930 706 1019 733 cum
1041 695 1156 733 Gallis
1180 694 1475 746 suscipiendum

51 753 207 800 bellum,
230 753 298 804 qui
320 759 357 792 et
376 753 524 792 auxiliis
545 753 735 791 iuvissent
753 751 1001 798 Antiochum,
1023 757 1061 790 et
1080 752 1175 790 adeo
1197 751 1384 790 indomita
1404 751 1476 789 ha-
1495 763 1517 795 4

51 809 189 849 herent
206 810 370 861 ingenia,
392 816 433 848 ut
452 809 692 860 nequiquam
713 808 930 848 Antiochus
952 814 1105 847 emotus
1128 808 1226 846 ultra
1247 808 1335 859 iuga
1357 807 1478 846 Tauri

53 866 197 906 montis
229 873 349 913 esset,
389 866 463 905 nisi
494 868 769 916 frangerentur
799 877 893 916 opes
917 865 1137 911 Gallorum,
1167 865 1214 903 de
1245 877 1286 903 se
1317 876 1477 915 quoque

53 935 187 974 pauca,
207 935 280 962 nec
300 923 391 962 falsa
408 934 481 961 nec
495 922 715 968 immodica,
731 921 878 961 adiecit.
909 921 995 960 laeti
1016 921 1154 960 milites
1176 933 1267 959 cum
1282 920 1478 972 frequenti
1498 935 1518 967 5

53 980 222 1019 adsensu
247 980 449 1032 consulem
472 979 714 1025 audiverunt,
737 984 888 1029 partem
911 978 1052 1016 virium
1064 978 1244 1017 Antiochi
1255 978 1375 1017 fuisse
1387 977 1477 1016 Gal-

52 1037 110 1075 los
141 1036 365 1082 credentes3
395 1048 485 1087 rege
505 1041 687 1086 superato
721 1035 874 1073 nullum
905 1041 1151 1073 momentum
1169 1035 1210 1073 in
1233 1035 1325 1073 solis
1346 1046 1417 1085 per
1437 1046 1478 1072 se

54 1093 253 1133 Gallorum
276 1092 398 1143 copiis
420 1095 516 1130 sore.
554 1092 760 1130 Eumenen
781 1091 884 1130 haud
904 1091 946 1130 in
967 1097 1144 1142 tempore
1168 1090 1303 1130 abesse
1326 1113 1380 1118 —-
1394 1091 1476 1130 Ro-
1498 1107 1519 1139 6

54 1161 139 1189 mae
158 1156 242 1189 tum
264 1155 344 1188 erat
358 1171 412 1175 —
428 1149 585 1187 credere
605 1148 755 1194 consul,
786 1160 952 1200 gnarum
974 1148 1154 1187 locorum
1178 1148 1478 1198 hominumque,

54 1212 91 1245 et
110 1206 222 1245 cuius
243 1205 447 1244 interesset
466 1205 591 1256 frangi
614 1205 813 1244 Gallorum
835 1216 941 1256 opes.

993 1205 1162 1243 Attalum
1182 1204 1298 1256 igitur
1319 1205 1478 1243 fratrem
1499 1219 1519 1250 τ

54 1263 138 1302 eius
168 1262 329 1301 accersit
357 1274 378 1300 a
417 1262 619 1314 Pergamo,
659 1262 914 1312 hortatusque
956 1261 1002 1300 ad
1032 1261 1315 1312 capessendum
1345 1273 1481 1300 secum

53 1319 199 1358 bellum
228 1318 475 1370 pollicentem
506 1331 616 1357 suam
648 1330 893 1369 suorumque
922 1330 1082 1369 operam
1112 1318 1276 1357 domum
1297 1317 1343 1356 ad
1368 1329 1481 1356 com-

53 1430 174 1464 eiumal
213 1430 407 1472 angehorte.
443 1448 487 1453 —
522 1432 634 1467 foedus
668 1430 732 1462 wie

56 1478 111 1516 37,
146 1479 199 1516 55,
227 1477 265 1516 33
301 1476 514 1519 Amynander
552 1476 674 1508 konnte
699 1476 732 1507 in

15 1545 20 1548 ψ
55 1522 128 1554 dem
170 1531 232 1553 nur
272 1521 332 1553 mit
370 1522 431 1553 deu
472 1521 631 1554 Aetolern
672 1531 731 1563 ge-

54 1567 263 1600 schlossenen
302 1567 413 1599 Bundc¹
450 1568 540 1598 nicht
579 1567 734 1599 erw'ahnt

55 1613 208 1653 werden3
233 1613 308 1644 dass
332 1623 369 1644 er
393 1613 463 1644 sein
492 1612 583 1644 Laud
611 1613 734 1644 wieder

56 1658 179 1699 verlor,
202 1658 293 1699 zeigt
311 1659 365 1698 39,
381 1660 435 1699 24,
462 1659 500 1697 83
526 1658 569 1690 ib.
596 1660 650 1698 26,
680 1660 732 1697 14,

55 1714 94 1737 er
125 1704 292 1736 erscheint
325 1703 415 1735 nieht
448 1704 567 1736 weiter
605 1703 639 1735 iu
676 1704 735 1735 der

55 1749 266 1782 Geschichte.

106 1792 281 1832 12-27.
295 1793 398 1836 Krieg
415 1805 520 1836 gegen
531 1794 583 1826 die
594 1793 732 1826 Gallier.

58 1843 191 1875 12—15
226 1840 297 1882 Zug
342 1840 392 1872 bis
428 1851 469 1872 an
512 1841 564 1872 die
604 1839 734 1872 Grenze

57 1886 240 1919 Galaticus.
271 1885 387 1929 Polyb.
413 1887 468 1926 21,
498 1887 550 1919 33.

108 1931 734 1972 1EadnaesP01c331

57 1975 141 2011 κῐίθ
174 1973 216 2010 ὅν
240 1975 369 2022 καιρὸν
393 1978 432 2011 ἐν
466 1979 509 2019 τῆ
546 1975 664 2023 Ρώαῃ
690 1988 733 2010 τε(

57 2025 142 2070 περὶ
193 2024 259 2061 τᾶς
306 2019 490 2065 συνθήκας
532 2024 596 2061 τᾶς
645 2021 736 2074 πρὸς

53 2067 113 2103 ἈἍ
115 2071 246 2111 τίοχον
260 2086 305 2091 -
322 2066 586 2102 ὃιεποάττοντο
602 2086 645 2091 -
662 2068 736 2101 τῶν

59 2112 91 2148 δ’
131 2115 312 2147 Αἰτωλῶν
357 2115 465 2152 ἔθιος
504 2115 733 2159 ἐπολεμεῖτο.

59 2178 102 2184 -—-
120 2171 224 2201 prope
245 2161 304 2191 hat
329 2171 390 2192 nur
413 2160 465 2192 die
490 2159 552 2192 Mz.
579 2147 644 2200 Hs„
668 2160 734 2201 vgl

59 2217 87 2238 c.
126 2207 180 2246 38,
221 2208 257 2245 13
301 2206 354 2246 36,
389 2207 443 2246 43,
491 2208 519 2238 1.
552 2224 596 2228 -—
632 2208 739 2238 ordzrz'

52 2263 157 2294 perq„
183 2251 236 2283 ich
252 2251 327 2282 will
343 2251 589 2292 weitergehend
618 2251 652 2282 in
678 2252 736 2283 der

59 2297 250 2338 Erziihluug
268 2296 378 2328 diesen
391 2295 494 2337 Hrieg
513 2297 736 2329 darzustellen

61 2343 233 2384 beginnen,
250 2342 425 2374 weiterhin
452 2342 555 2374 damit
580 2343 641 2374 den
666 2342 736 2374 An-

62 2388 141 2431 fang
166 2389 321 2428 machen;
348 2388 431 2419 doch
455 2387 500 2419 ist
524 2388 575 2420 die
603 2388 738 2420 Zusam-

60 2434 281 2475 menstellung
296 2433 562 2475 ungewiihnlich,
596 2434 664 2475 vgl.
690 2434 740 2465 in·

62 2480 138 2512 ‹less
159 2482 190 2519 9,
209 2481 241 2519 2,
265 2482 323 2513 10:
343 2486 485 2521 perqunt
503 2485 639 2518 repetere
656 2482 739 2511 viam

61 2537 92 2557 u.
111 2526 141 2557 ii.
167 2525 227 2557 Die
247 2524 412 2557 [rsachen
431 2525 486 2557 des
501 2523 652 2566 Rrieges,
679 2523 700 2567 ξ
719 2527 737 2558 3

62 2581 125 2603 nur
149 2571 358 2613 angedeutct,
383 2571 515 2602 werden
543 2574 612 2602 erst
641 2580 666 2602 c.
694 2572 737 2604 43

802 1440 949 1471 genauer
964 1429 1172 1473 angegeben3
1189 1430 1241 1462 die
1252 1429 1482 1470 Schilderung,

802 1475 933 1518 Polyb„
957 1486 981 1507 s.
1001 1475 1177 1507 Mommsen
1196 1477 1227 1516 2,
1250 1476 1335 1517 4483
1362 1475 1483 1507 Nissen

803 1523 880 1561 205,
915 1521 1075 1561 entlehnt,
1116 1521 1162 1552 ist
1205 1520 1484 1553 wahrscheinlich

803 1577 919 1608 wegcn
947 1568 1003 1598 des
1031 1566 1221 1606 Interesses,
1241 1567 1298 1598 das
1324 1566 1376 1598 die
1400 1565 1483 1598 Gal-

803 1612 866 1644 lier
884 1611 936 1644 fiir
954 1612 1035 1644 Rom
1060 1613 1188 1653 hatten,
1210 1623 1246 1644 so
1266 1611 1483 1644 ausfiihrlich.

802 1676 847 1681 —-
879 1669 950 1690 vere
966 1670 1034 1698 pr,
1067 1669 1104 1689 so
1139 1658 1332 1690 bezeichnet
1364 1656 1483 1700 Polyb.

803 1703 1013 1745 gewiihnlich
1039 1703 1100 1736 den
1117 1702 1250 1745 Ansang
1266 1704 1324 1736 der
1344 1702 1483 1744 liriegs-

804 1749 1038 1792 operationem
1084 1748 1193 1792 Scipio
1236 1749 1281 1781 ist
1333 1749 1404 1781 also
1446 1759 1484 1780 so

802 1795 900 1837 lange
925 1795 958 1826 in
983 1795 1084 1827 Asien
1124 1795 1307 1836 geblieben,
1333 1795 1400 1836 vgl.
1428 1795 1483 1834 37,

805 1843 859 1881 59,
886 1842 915 1874 2.
941 1859 984 1863 —
1009 1844 1112 1881 lustr„
1147 1852 1171 1873 s.
1198 1851 1225 1874 e.
1264 1843 1318 1881 37,
1356 1842 1395 1880 ὃς
1430 1841 1485 1880 36,

803 1888 859 1927 42,
886 1888 916 1919 2.
941 1905 985 1909 —
1009 1889 1118 1927 auxil„
1145 1897 1169 1918 s.
1196 1897 1222 1918 c.
1267 1887 1316 1927 18,
1354 1888 1390 1926 13
1430 1887 1485 1926 37,

805 1934 844 1973 83
878 1935 931 1966 40.
959 1951 997 1954 —
1026 1935 1063 1965 de
1095 1944 1136 1971 se,
1171 1933 1212 1964 da
1253 1943 1288 1964 er
1321 1942 1379 1963 aus
1412 1931 1484 1963 dem

805 1978 1026 2010 Geschlechte
1050 1978 1109 2010 der
1148 1978 1290 2010 Manlier
1322 1981 1485 2009 stammte.

804 2042 848 2046 --
883 2036 953 2056 cum
974 2025 1028 2065 fr.
1063 2026 1142 2064 ads„
1175 2028 1273 2055 unter
1307 2034 1337 2055 u.
1371 2033 1396 2054 s.
1430 2033 1484 2063 W„

806 2071 860 2110 21,
890 2072 941 2109 10,
967 2071 997 2103 2.
1015 2087 1059 2092 —
1071 2076 1197 2109 partem
1213 2080 1254 2111 v.,
1272 2080 1334 2100 nur
1358 2068 1410 2100 ein
1424 2067 1485 2099 Th.

806 2116 864 2147 der
885 2115 1130 2147 Heeresmacht.
1157 2134 1196 2138 -
1223 2126 1283 2155 per
1306 2126 1348 2155 se,
1377 2124 1403 2146 c.
1429 2115 1485 2154 47,

809 2163 867 2203 103
897 2163 924 2199 1,
957 2163 1007 2201 10,
1035 2162 1065 2193 3.

853 2208 952 2239 6—9.
985 2208 1072 2238 haud
1107 2208 1142 2238 in
1175 2212 1208 2247 t„
1244 2206 1312 2247 vgl.
1342 2207 1397 2246 25,
1431 2206 1487 2246 31,

810 2254 866 2285 15:
892 2259 955 2284 tam
980 2254 1014 2283 in
1039 2259 1184 2291 tempore.
1211 2269 1256 2274 —
1279 2254 1405 2292 Romae,
1433 2251 1487 2290 37,

807 2299 860 2338 52,
890 2299 918 2337 1,
945 2308 997 2328 wo
1023 2308 1058 2329 er
1083 2296 1151 2329 fast
1171 2297 1223 2329 ein
1248 2297 1331 2329 Jahr
1359 2295 1488 2338 gehlie-

806 2343 867 2375 beu
904 2343 973 2375 sein
1004 2353 1102 2375 muss.
1128 2361 1172 2365 —
1203 2345 1335 2382 credere,
1369 2353 1394 2374 s.
1432 2343 1487 2382 35,

808 2391 862 2428 49,
900 2391 926 2422 1.
962 2406 1007 2410 -
1041 2391 1133 2420 cuius
1174 2391 1243 2428 im„
1286 2389 1343 2420 der
1384 2386 1490 2428 Hrieg

807 2434 891 2466 wird
933 2434 1131 2466 wesentlich
1172 2434 1216 2465 im
1241 2433 1405 2466 Interesse
1431 2433 1489 2464 (les

808 2479 934 2520 lionigs
959 2490 1022 2511 von
1059 2479 1253 2521 Pergamum
1287 2479 1432 2521 gefiihrt,
1462 2488 1488 2510 s.

809 2535 835 2557 c·
870 2528 923 2559 45.
958 2527 997 2567 93
1032 2528 1086 2566 47,
1132 2528 1181 2559 10.
1217 2543 1258 2548 —
1287 2526 1489 2565 comparand.

808 2571 872 2603 wie
907 2573 959 2611 35,
995 2574 1049 2604 45.
1086 2573 1115 2604 5.
1150 2590 1193 2594 —
1227 2573 1384 2613 Magnes,
1418 2570 1490 2602 also
