1747 2841
177 133 259 176 132

599 130 724 164 LIBER
751 130 915 164 XXXVI.
940 130 1033 163 CAP.
1059 132 1113 165 27.
1131 132 1184 165 28.

1451 137 1476 156 a.
1496 137 1525 155 u.
1547 129 1609 156 553.

1332 170 1567 224 absissffffl

137 239 319 285 ederum
355 235 477 275 ordiri
513 235 728 286 meritaque
768 234 809 273 in
845 234 1038 286 populum
1078 234 1300 274 Romanum
1336 234 1522 274 abstisere
1561 235 1608 274 iis

1337 279 1514 292 Μ

178 296 340 335 Flaccus
370 293 494 340 iussit,
527 304 626 342 quae
651 292 724 343 ipsi
755 291 962 330 violassent
990 303 1034 330 ac
1064 292 1282 343 rupissent3
1315 291 1606 330 confessionem

179 353 226 391 iis
257 351 392 402 culpae
422 349 545 400 magis
572 350 820 401 profuturam
851 354 888 386 et
911 354 1031 387 totam
1056 348 1097 386 in
1117 360 1254 399 preces
1278 348 1495 387 orationem
1519 360 1609 387 ver-

182 421 287 448 sam:
307 419 380 446 nec
400 406 505 445 enim
527 406 567 444 in
590 418 705 444 causa
724 405 917 456 ipsorum,
941 405 1008 444 sed
1025 405 1064 443 in
1081 405 1217 456 populi
1232 405 1398 445 Romani
1408 405 1610 444 clementia

142 485 161 517 7
181 477 292 517 spem
311 463 441 503 salutis
462 463 627 514 positam
652 475 756 509 esse,
788 467 825 500 et
844 474 885 500 se
910 462 1136 514 suppliciter
1155 462 1356 513 agentibus
1379 462 1425 501 iis
1448 462 1609 501 adfutu-

182 534 272 562 rum
293 527 330 560 et
351 519 454 571 apud
477 520 677 559 consulem
700 520 894 558 etRomae
915 519 955 557 in
979 524 1136 557 senatu:
1161 531 1206 558 eo
1225 531 1382 570 quoque
1397 519 1501 558 enim
1518 519 1610 558 mit-

142 595 162 628 g
182 579 322 619 tendos
355 579 440 616 fore
464 577 621 628 legatos.

676 576 770 615 haec
798 587 874 614 una
896 577 956 614 via
979 575 1161 614 omnibus
1185 576 1232 615 ad
1253 576 1414 614 salutem
1438 575 1518 614 visa
1543 581 1610 622 est,
1649 582 1654 586 ”

183 641 225 676 ut
254 635 295 674 in
323 634 442 672 fidem
475 647 515 672 se
546 633 816 685 permitterent
834 633 1130 671 Romanorum:
1155 632 1206 671 ita
1237 633 1343 671 enim
1373 638 1410 671 et
1429 632 1502 671 illis
1525 632 1610 671 vio-

181 691 286 732 landi
315 691 511 743 supplices
543 689 817 729 verecundiam
848 702 888 728 se
910 689 1178 740 imposituros,
1209 695 1246 728 et
1264 690 1371 740 ipsos
1392 689 1512 728 nihilo
1536 689 1611 727 mi-

183 761 258 788 nus
300 760 391 788 suae
436 747 633 799 potestatis
673 748 777 793 sore,
819 746 851 785 si
883 745 973 797 quid
1007 747 1146 785 melius
1177 747 1335 785 fortuna
1368 745 1611 785 ostendisset.

105 813 165 855 28
183 807 395 857 Postquam
419 804 464 844 ad
489 804 692 843 consulem
713 808 872 842 ventum
896 810 964 850 est,
988 803 1186 842 Phaeneas
1208 802 1408 854 legationis
1429 802 1612 854 princeps

185 864 343 914 longam
373 861 589 900 orationem
619 866 655 899 et
681 860 785 898 varie
813 860 859 898 ad
881 860 1130 911 mitigandam
1152 860 1247 898 iram
1272 859 1428 898 victoris
1449 871 1614 910 compo-

191 920 304 959 sitam
323 919 373 958 ita
396 918 443 957 ad
464 924 680 958 extremum
703 916 837 964 finivit,
861 922 901 956 ut
920 917 1065 956 diceret
1086 917 1242 956 Aetolos
1263 929 1303 955 se
1320 928 1468 967 suaque
1485 916 1615 955 omnia

142 990 162 1022 2
195 977 285 1016 fidei
310 975 446 1028 populi
473 975 640 1014 Romani
669 973 903 1026 permittere.
944 974 982 1012 id
1013 974 1152 1013 consul
1182 973 1249 1012 ubi
1274 972 1440 1020 audivit,
1478 972 1615 1020 „etiam

183 1039 299 1085 atque
321 1033 435 1072 etiam
455 1032 605 1071 videte“
626 1031 765 1082 inquit,
787 1031 946 1078 „Aetoli,
970 1036 1011 1070 ut
1026 1031 1074 1070 ita
1090 1031 1356 1082 pe1·1nittatis.“
1380 1036 1464 1070 tum
1476 1030 1613 1069 decre—

187 1158 245 1190 der
261 1155 437 1188 Ausdruck
463 1154 568 1185 niiher
589 1153 659 1185 dem
677 1153 730 1185 bei
748 1153 866 1186 Polxb.

187 1202 232 1237 τὰ
245 1214 344 1248 προγ
347 1213 389 1245 εγ
392 1213 434 1235 οι
439 1199 502 1233 ow
525 1203 632 1254 σφίσι
647 1201 713 1243 (μ)
717 1195 866 1246 ανθρω-

185 1261 239 1282 πα
287 1246 381 1293 πρὸς
428 1257 492 1279 τοι
497 1258 514 1283 ς
564 1248 759 1289 Parum-019
806 1256 866 1277 au-

185 1294 368 1328 561111655611
404 1291 528 1323 vsiirde.
562 1309 605 1313 ——
639 1292 761 1329 absist„
800 1292 867 1332 vgl.

187 1340 495 1380 33,13,11.-
520 1339 583 1376 ipsi
604 1338 675 1368 viol.
724 1316 786 1376 35,
812 1338 866 1376 32,

187 1389 218 1421 6.
257 1404 300 1408 —-
340 1384 471 1425 confess.
512 1386 575 1416 etc.
587 1407 596 1424 ‚
636 1382 704 1423 vgl.
747 1381 866 1425 Ρο1)1),

187 1431 398 1484 ἀφεμένους
433 1429 500 1462 τοῦ
548 1407 866 1472 drzatootoyefwm

188 1473 429 1519 συιεβούλευε
442 1493 486 1497 —-
501 1474 649 1508 δεῖσθαι
672 1474 738 1507 τοῦ
756 1482 867 1520 στρα-

188 1524 312 1576 τηγοῦ
362 1516 585 1565 συγγνώμης
633 1522 760 1563 τυχεῖν
807 1520 869 1554 ἐπὶ

187 1574 264 1607 τοῖς
294 1565 579 1619 ἡμαρτημένοις.
613 1584 657 1587 —
683 1578 788 1606 cansa,
815 1566 868 1598 die

189 1613 454 1648 Beschafi'enheit
499 1611 590 1644 ihrer
639 1611 764 1652 Sache,
813 1614 867 1650 37,

192 1664 221 1703 1,
249 1658 580 1699 2.—em'mwie3‚
607 1660 660 1699 50,
687 1660 868 1690 Tuma—

186 1709 329 1740 mettend.
347 1707 401 1747 f.,
436 1705 497 1743 37,
534 1705 596 1740 39,
623 1705 661 1746 23
688 1706 726 1745 5,
753 1704 806 1744 30,
837 1705 864 1736 1.

187 1753 248 1785 Die
274 1751 455 1784 Gedauken
480 1760 535 1782 nec
558 1751 866 1791 oausam—Zeyacos

187 1797 318 1831 scheint
333 1797 368 1829 L.
385 1793 600 1837 hinzugcfiigt
616 1806 656 1827 zu
676 1795 795 1833 haben,
814 1795 867 1827 hei

187 1844 307 1887 Polyb.
332 1843 439 1874 finden
467 1841 513 1873 516
538 1841 608 1872 51611
634 1841 734 1872 nicht.

235 1891 265 1923 8.
291 1891 454 1922 verecund
474 1890 562 1927 imp,
588 1898 613 1918 5.
639 1889 666 1920 7.
699 1888 727 1928 1,
754 1888 791 1920 6:
817 1898 866 1919 ve-

186 1947 206 1968 o·
208 1938 341 1968 comedia
355 1953 399 1956 —
412 1936 557 1974 imposita
566 1939 609 1966 est
622 1951 665 1954 —
674 1934 866 1965 iubendi.—

187 1994 224 2014 m
235 1984 298 2023 fid
317 1999 361 2003 —
382 1991 457 2012 suae
476 1986 543 2020 pot.
570 1978 804 2019 (unabh'angig‚
830 1988 866 2010 so

189 2028 265 2059 dass
288 2027 336 2059 sie
363 2025 445 2058 iiber
473 2025 544 2057 sich
571 2023 731 2065 xeifiigen
762 2024 867 2055 ko'nu-

187 2077 255 2116 ten,
282 2073 336 2114 31,
362 2074 416 2106 45
443 2073 494 2111 4),
528 2069 618 2112 giebt
645 2069 736 2101 nicht
761 2080 868 2110 genau

188 2118 242 2151 die
269 2097 485 2158 Bai-stellung
517 2117 572 2148 des
609 2115 678 2148 Pol.
711 2115 733 2147 l.
757 2115 797 2146 1.·
832 2115 869 2148 οἱ

189 2166 314 2198 Atreo)
320 2166 355 2197 οὶ
391 2182 431 2186 -
473 2163 619 2213 ἔκριναν
655 2162 867 2215 ἐπιτρέπειν

190 2207 235 2243 τὰ
280 2207 348 2243 ὅλα
392 2211 505 2242 Μαι
490 2221 532 2241 ιω
575 2204 700 2246 δόντες
735 2204 869 2244 αὑτοὶς

191 2257 243 2293 εἰς
286 2253 352 2297 τὴν
377 2242 568 2307 Ῥωμαίων
613 2256 753 2309 πίστιν,
803 2251 869 2286 οἰκ

189 2298 326 2340 εἰδότες
353 2303 437 2334 τίνα
464 2296 628 2345 <luvana
648 2300 722 2353 ἔχει
745 2299 868 2342 τοῦτο,

189 2347 240 2390 τῷ
266 2346 307 2380 δὲ
333 2348 395 2388 τῆς
416 2347 573 2384 πίστεως
598 2343 758 2399 ὀνοματι
780 2345 868 2377 πλα-

190 2380 374 2435 ιήθεντες,
397 2390 442 2431 ὡς
466 2404 512 2426 αν
532 2390 593 2425 διὰ
621 2387 717 2425 τοῦτ
737 2392 870 2424 οἰκειο-

188 2440 317 2484 τέροις
329 2441 434 2492 σφίσι
458 2439 516 2479 τῆς
535 2434 669 2475 λύσεως
687 2432 869 2483 ὑπάρξον-

190 2496 264 2522 τας.
286 2482 401 2538 παρὰ
400 2480 455 2517 δὲ
455 2487 640 2537 Ρωμαιοις
651 2482 757 2517 ἵσοὸι
753 2487 873 2528 ναιιεῖ

189 2526 231 2561 τό
249 2541 286 2563 τε
297 2532 347 2568 εἰς
369 2528 432 2571 τὴν
448 2533 577 2563 πίστιν
586 2527 700 2582 adro}
712 2517 870 2583 ἐγχειρί-

190 2584 265 2616 σαι,
291 2577 348 2608 καὶ
372 2574 406 2608 u)
427 2574 493 2617 τὴι
508 2573 714 2621 ἐπιτροπὴν
735 2575 865 2608 δοῦναι

934 1155 1017 1200 περὶ
1054 1151 1169 1187 αὑτοῦ
1204 1155 1253 1197 τῷ
1284 1155 1499 1198 κρατοῦντι,
1544 1155 1612 1196 vgl.

934 1201 978 1232 ib.
1006 1202 1059 1242 36,
1084 1203 1115 1239 4,
1140 1211 1180 1231 zu
1206 1202 1260 1242 34,
1289 1202 1343 1239 35,
1364 1203 1422 1244 103
1442 1200 1494 1232 (116
1508 1199 1614 1233 Aeto-

934 1246 985 1278 ler
1009 1247 1147 1278 nehmen
1171 1249 1207 1277 in
1220 1248 1285 1287 fid.
1311 1258 1343 1279 se
1358 1257 1462 1287 ρον-φη,
1482 1261 1528 1272 =
1543 1246 1614 1278 sich

935 1292 967 1323 in
999 1293 1059 1323 den
1076 1291 1200 1323 Sehutz
1220 1292 1386 1333 begeben,
1411 1292 1518 1324 daher
1535 1304 1614 1332 sup-

928 1340 1040 1378 plices,
1068 1337 1121 1369 die
1147 1348 1188 1369 zu
1222 1337 1391 1369 vei-letzen
1428 1337 1489 1370 den
1515 1336 1615 1370 Gric-

937 1385 1019 1415 chen
1034 1381 1087 1414 fiir
1105 1383 1229 1424 gottlos
1248 1384 1330 1424 galt,
1346 1384 1431 1415 ohne
1443 1383 1494 1415 die
1504 1383 1614 1426 publi-

935 1429 1089 1461 cistische
1112 1429 1304 1470 Bedeutung
1327 1430 1383 1461 des
1410 1428 1616 1468 Ausdrucks,

937 1475 989 1507 die
1012 1474 1134 1516 jedoch
1161 1475 1245 1506 auch
1273 1475 1307 1506 in
1324 1474 1404 1507 Rom
1422 1474 1514 1506 nicht
1530 1485 1615 1517 ganz

937 1520 1002 1553 fest
1011 1521 1119 1561 stand,
1137 1520 1203 1562 vgl.
1215 1522 1271 1554 42.
1290 1522 1321 1563 8,
1337 1524 1355 1555 5
1368 1520 1420 1563 ff.;
1438 1520 1514 1553 val.
1526 1520 1614 1553 Max.

937 1570 968 1606 6,
989 1570 1021 1608 5,
1046 1569 1073 1610 1,
1091 1577 1131 1599 zu
1147 1567 1294 1609 kennen;
1309 1567 1363 1606 38,
1383 1568 1414 1600 9.
1435 1566 1570 1600 7heisst
1580 1576 1614 1599 es

936 1620 971 1646 ut
989 1615 1208 1653 permitterent
1231 1624 1263 1644 se
1281 1615 1446 1651 Romanis,
1472 1613 1539 1654 vgl.
1560 1615 1615 1651 37,

940 1661 967 1699 1,
999 1661 1036 1698 ὃς
1062 1658 1104 1690 ib.
1131 1660 1185 1693 49,
1215 1661 1246 1692 4.

984 1701 1052 1741 28.
1096 1706 1191 1738 1—3.
1232 1706 1336 1744 varie,
1376 1703 1408 1735 in
1443 1704 1614 1737 verschie-

936 1751 1038 1782 denen
1060 1750 1290 1791 W'eudungen,
1316 1750 1419 1781 durch
1442 1750 1615 1782 mannich-

936 1795 1032 1828 fache
1049 1795 1187 1835 Motive,
1213 1798 1266 1836 21,
1294 1797 1348 1829 30,
1371 1797 1398 1828 1.
1419 1813 1462 1818 —-
1478 1797 1525 1827 ad
1536 1803 1615 1829 extr.

926 1846 1006 1884 fin„
1032 1842 1159 1874 schloss
1186 1842 1311 1874 zuletzt
1331 1841 1442 1881 damit,
1471 1841 1537 1883 vgl.
1560 1843 1615 1883 34,

937 1890 968 1930 3,
994 1890 1023 1921 2.
1051 1906 1095 1910 —-
1111 1890 1157 1920 ita
1182 1898 1280 1926 muss,
1311 1897 1407 1919 wenn
1432 1897 1466 1919 65
1491 1887 1615 1929 richtig

935 1934 989 1974 ist,
1016 1934 1132 1966 betont
1151 1934 1302 1965 wei-deu:
1328 1933 1360 1964 in
1379 1933 1437 1965 der
1455 1933 1537 1965 eben
1556 1933 1615 1966 be-

936 1980 1128 2012 zeichneten
1153 1979 1279 2018 VVeise,
1305 1979 1380 2010 dass
1411 1978 1464 2010 ihr
1480 1979 1616 2012 unbe-

938 2026 1063 2066 dingt
1085 2026 1151 2057 und
1177 2025 1299 2057 Α1165
1317 2024 1496 2067 iiberlasst‚
1515 2036 1540 2058 5.
1559 2027 1613 2065 34,

941 2073 992 2114 12,
1017 2073 1049 2105 1:
1069 2072 1122 2109 26,
1142 2072 1196 2113 33,
1215 2072 1274 2113 12,
1293 2071 1377 2102 (10611
1392 2070 1436 2102 ist
1455 2071 1515 2103 (161
1527 2071 1615 2103 Aus-

938 2118 975 2149 dx
977 2117 1039 2149 uck
1051 2117 1140 2148 nicht
1150 2127 1233 2158 ganz
1243 2096 1328 2158 klar,
1332 2117 1391 2148 der
1401 2116 1615 2159 Darstellung

937 2163 993 2195 des
1019 2162 1089 2195 Pol.
1118 2162 1208 2194 nicht
1235 2173 1342 2204 genau
1365 2163 1614 2215 eutsprechend,

937 2208 990 2240 bei
1025 2209 1097 2240 dem
1132 2219 1166 2241 65
1198 2209 1320 2241 heisst:
1353 2206 1371 2240 ὁ
1400 2207 1441 2242 δὲ
1466 2205 1616 2247 Νίάνιος

938 2252 1158 2300 μεταλαβὼν
1192 2252 1354 2295 ,,ουκοῦι
1391 2266 1508 2293 ουτως
1542 2255 1617 2298 ἔχει

939 2302 1055 2333 ταῦτα
1075 2303 1202 2345 φησίν,
1223 2304 1249 2334 ὠ
1263 2297 1396 2353 ἄνδρες
1406 2301 1595 2334 Αἰτωλοίϊ·

939 2346 1022 2380 vah
1041 2346 1087 2380 (Ῡὲ
1106 2355 1503 2381 κατανευσαντων
1512 2358 1615 2388 ,,τοι-

938 2394 1079 2436 γαροῦν
1104 2393 1250 2436 πρῶτον
1275 2392 1344 2437 μὲν
1369 2391 1430 2435 δεη
1423 2387 1514 2426 σει“
1539 2396 1615 2431 etc„

937 2438 1008 2470 also
1028 2438 1103 2470 kein
1114 2439 1287 2470 Beschluss
1306 2438 1372 2470 und
1393 2439 1508 2470 dessen
1525 2437 1615 2470 Vor-

937 2484 1079 2525 zeigung
1092 2494 1128 2516 61·
1132 2494 1161 2515 w
1165 2485 1247 2516 ahnt
1264 2483 1367 2515 wird·
1359 2509 1367 2524 ,
1382 2485 1439 2516 das
1454 2483 1558 2516 Missi
1560 2494 1615 2516 er-

939 2530 1106 2562 st'zindniss
1127 2530 1180 2562 hei
1195 2530 1230 2563 L.
1247 2530 1291 2562 ist
1310 2529 1400 2562 viell.
1431 2530 1534 2561 durch
1558 2530 1616 2562 das

937 2576 991 2608 bei
1009 2575 1078 2609 Pol.
1097 2576 1386 2618 vorausgehende:
1403 2575 1617 2621 ἐξέπεμψαν
