1747 2841
155 130 179 150 a⁴
202 122 252 150 eh.
275 123 335 150 190.
614 122 739 156 LIBER
763 123 942 157 xxxvn.
967 123 1059 157 CAP.
1087 127 1116 158 7.
1499 125 1580 168 169

156 249 224 273 —,
253 228 399 266 referre
431 225 478 265 ad
505 237 599 265 suos
620 225 803 266 dixerunt
821 226 929 265 velle.
982 226 1163 266 Reditum
1187 226 1277 265 inde
1298 227 1489 279 Hypatam
1513 236 1580 277 est,
1603 233 1630 272 7

158 295 231 322 nec
252 282 459 322 consilium
483 282 780 333 expediebatur:
804 295 894 321 nam
917 294 1057 333 neque,
1080 282 1185 321 unde
1198 283 1300 322 mille
1314 285 1498 324 talentum
1511 286 1580 324 da-

157 346 276 386 retur,
297 344 387 385 erat,
409 344 446 377 et
464 338 655 389 permisso
676 339 796 378 libero
818 338 975 378 arbitrio
995 350 1044 377 ne
1065 338 1104 377 in
1130 350 1295 390 corpora
1318 352 1387 379 sua
1411 342 1580 381 saevire-

158 401 242 441 tur,
269 394 502 434 metuebant.
554 395 680 433 redire
710 395 839 446 itaque
870 395 1029 434 eosdem
1059 394 1203 445 legatos
1234 396 1280 434 ad
1312 397 1515 436 consulem
1546 404 1583 437 et
1602 410 1621 441 2

156 451 385 490 Africanum
407 451 608 490 iusserunt
627 457 664 490 et
683 458 826 502 petere,
850 457 902 497 ut,
923 451 955 490 si
967 451 1058 489 dare
1070 463 1158 490 vere
1171 462 1317 502 pacem,
1336 464 1417 491 non
1431 459 1581 492 tantum

158 507 376 554 ostendere,
406 509 638 546 frustrantes
670 520 781 559 spem
813 508 1061 553 miserorum,
1092 508 1244 554 vellent,
1274 515 1340 548 aut
1361 522 1406 548 ex
1429 522 1582 549 summa

157 563 345 614 pecuniae
375 563 578 603 demerent
609 570 674 602 aut
698 564 996 615 permissionem
1018 569 1124 602 extra
1145 564 1287 603 civium
1311 577 1477 616 corpora
1499 567 1582 605 fieri

155 619 347 659 iuberent.
377 620 471 658 nihil
492 620 741 671 impetratum
763 627 806 658 ut
825 625 991 658 mutaret
1012 620 1170 666 consul;
1193 627 1230 660 et
1250 633 1290 660 ea
1304 632 1463 672 quoque
1476 623 1582 662 irrita
1602 633 1623 665 3

157 675 294 727 legatio
317 676 474 715 dimissa
498 682 565 715 est.
597 677 718 716 secuti
735 682 772 715 et
792 676 1047 715 Athenienses
1069 683 1182 723 sunt;
1215 683 1253 716 et
1272 678 1454 729 princeps
1478 679 1582 731 lega-
1601 691 1622 722 4

156 732 274 771 tionis
304 744 442 771 eorum
472 732 715 772 Echedemus
742 733 916 783 fatigatos
945 737 1001 771 tot
1031 733 1197 784 repulsis
1234 734 1388 773 Aetolos
1412 741 1449 773 et
1470 747 1582 774 eom-

157 788 346 839 plorantis
377 789 502 828 inutili
522 789 794 828 lamentatione
819 791 1017 827 fortunam
1042 789 1166 840 gentis
1190 789 1235 828 ad
1256 803 1365 840 spem
1389 793 1585 831 revocavit

158 851 294 883 auctor
314 845 481 884 indutias
505 858 572 884 sex
595 846 790 884 mensium
811 845 978 896 petendi,
1011 851 1053 884 ut
1073 845 1217 896 legatos
1239 847 1390 886 mittere
1415 848 1582 887 Romam

158 907 339 952 possent:
371 901 596 940 dilationem
627 902 722 940 nihil
748 901 794 940 ad
818 901 1034 952 praesentia
1057 902 1175 949 mala,
1204 903 1348 954 quippe
1373 915 1471 954 quae
1492 905 1581 943 ulti·
1603 918 1623 950 5

158 969 220 996 ma
241 964 381 1004 essent,
403 958 662 1004 adiecturam3
683 958 800 996 levari
823 970 893 1008 per
912 958 1055 996 multos
1077 970 1189 997 casus
1210 964 1387 1009 tempore
1404 960 1581 1011 interpo-

157 1014 230 1053 sito
252 1014 466 1064 praesentis
490 1014 614 1052 clades
637 1026 764 1065 posse.
796 1021 954 1053 auctore
966 1014 1186 1053 Echedemo
1205 1015 1308 1054 idem
1323 1016 1451 1062 missi3
1473 1017 1582 1067 prius
1602 1032 1622 1064 6

157 1069 389 1121 P.Scipione
410 1077 617 1116 convento,
642 1083 712 1121 per
733 1083 824 1109 eum
845 1070 1014 1109 indutias
1044 1071 1231 1122 temporis
1262 1072 1357 1119 eius,
1380 1073 1487 1123 quod
1511 1086 1582 1124 pe-

156 1125 299 1172 tebant,
321 1126 367 1165 ab
388 1127 549 1166 consule
570 1127 889 1177 impetraverunt.
930 1133 967 1166 et
987 1127 1112 1166 soluta
1134 1127 1335 1167 obsidione
1352 1129 1583 1179 Amphissae
1603 1143 1622 1174 τ

156 1182 220 1221 Μ’.
242 1183 386 1221 Acilius
421 1183 556 1222 tradito
583 1184 732 1222 consuli
756 1183 925 1222 exercitu
948 1184 1152 1234 provincia
1172 1184 1348 1230 decessit,
1388 1191 1425 1224 et
1445 1187 1583 1225 consul

160 1238 208 1277 ab
230 1239 438 1290 Amphissa
462 1239 700 1278 Thessaliam
724 1240 873 1291 repetit,
897 1246 939 1279 ut
957 1252 1027 1291 per
1050 1240 1315 1280 Macedoniam
1331 1241 1582 1281 Thraeciam-

158 1306 235 1346 que
256 1295 416 1334 duceret
436 1296 476 1334 in
498 1296 641 1334 Asiam.

272 1352 373 1390 Tum
387 1352 594 1391 Africanus
607 1352 735 1391 fratri:
756 1352 864 1399 „iter,
888 1352 993 1402 quod
1010 1353 1167 1399 insistis,
1189 1353 1230 1391 L.
1243 1353 1383 1404 Scipio,
1397 1367 1467 1405 ego
1479 1367 1581 1406 quo·
1602 1363 1621 1395 8

159 1419 235 1458 que
258 1407 456 1458 approb03
479 1408 546 1447 sed
570 1415 696 1448 totum
715 1409 752 1447 id
775 1409 937 1447 vertitur
959 1409 999 1447 in
1022 1409 1218 1448 voluntate
1240 1410 1429 1462 Philippi,
1464 1412 1531 1462 qui
1550 1412 1582 1451 si
1601 1419 1622 1451 9

155 1463 322 1515 imperio
348 1470 483 1503 nostro
503 1465 605 1504 fidus
627 1471 694 1511 est,
726 1470 764 1504 et
782 1465 854 1504 iter
873 1471 910 1504 et
929 1471 1170 1504 commeatus
1193 1471 1230 1505 et
1251 1467 1394 1513 omnia,
1422 1479 1521 1518 quae
1541 1468 1582 1507 in

155 1520 274 1571 longo
296 1520 433 1559 itinere
455 1521 646 1560 exercitus
667 1522 775 1560 alunt
794 1521 1018 1572 iuvantque,
1052 1522 1165 1561 nobis
1188 1523 1466 1573 suppeditabit,
1496 1525 1529 1563 si
1548 1525 1583 1563 is

203 1640 242 1680 '7-
271 1644 367 1677 1—3.
397 1645 516 1684 exped,
544 1644 598 1685 25,
631 1645 681 1685 11,
714 1645 764 1677 16.
791 1661 836 1666 —

154 1690 240 1721 mille
277 1706 317 1712 -
353 1691 435 1729 dar„
478 1690 531 1730 38,
572 1691 603 1730 8,
642 1691 692 1723 10.
724 1708 768 1712 —
800 1692 835 1722 in

902 1642 1081 1676 Austreten
1117 1649 1270 1685 genannt.
1298 1662 1343 1669 —-
1367 1652 1488 1685 auctor,
1522 1645 1582 1678 da-

904 1689 1025 1731 durch,
1082 1690 1157 1722 dass
1206 1700 1241 1722 er
1288 1690 1350 1722 den
1395 1690 1583 1733 Vorschlag

155 1745 239 1774 corp.
267 1746 326 1767 sua
348 1734 413 1767 wie
440 1735 494 1774 36,
521 1736 575 1776 28,
606 1736 636 1768 6.
661 1753 704 1758 -
729 1747 767 1767 ex
790 1753 835 1758 -—

155 1781 275 1813 demere
312 1791 342 1812 n.
380 1782 516 1822 aliquid,
551 1791 576 1812 s.
618 1781 674 1820 34,
714 1783 768 1821 54,
796 1783 834 1814 5:

154 1826 309 1865 demptum
336 1836 373 1858 ez
396 1827 548 1868 dzym'tate
560 1828 686 1866 populi.
703 1844 749 1848 —
762 1837 835 1866 per·

154 1873 294 1904 mz'sez'on.
321 1871 450 1903 scheint
478 1875 572 1903 sonst
596 1882 632 1903 so
658 1871 750 1903 nicht
775 1882 834 1913 ge-

154 1915 306 1956 braucht,
327 1917 412 1948 uach
424 1919 608 1956 permittere
630 1929 662 1949 se
681 1918 745 1949 und
763 1918 834 1949 dem

155 1960 278 2002 griech.
306 1958 488 2007 ἔπιτροπή
525 1966 644 2003 gesagt
676 1973 716 1994 zu
751 1963 832 1995 seinz

154 2023 198 2029 —
220 2013 319 2048 extra,
347 2008 401 2048 36,
427 2009 482 2047 21,
513 2010 571 2047 113
597 2007 665 2040 Pol.
690 2018 716 2039 c.
745 2011 775 2048 5,
797 2010 835 2042 4:

154 2053 217 2093 τῆς
237 2051 441 2093 ἑπιτοοπῆς
460 2051 560 2091 ἐκτὸς
576 2054 732 2095 ποιῆσαι
748 2052 836 2092 τοὺς

154 2085 368 2136 πολιτικοῦς
387 2093 526 2145 ἄνδρας
543 2099 605 2131 καὶ
622 2098 687 2137 τὰς
705 2102 835 2142 γυναῖ-

154 2155 229 2181 κας.
254 2161 297 2165 -—
322 2145 407 2176 nihil
430 2146 516 2184 imp„
542 2145 644 2176 durch
668 2145 720 2177 die
745 2144 834 2177 Ver-

153 2188 302 2230 bindung
335 2189 391 2221 des
428 2188 583 2230 Objectes
618 2200 683 2221 von
715 2197 837 2224 mutare

154 2233 214 2265 mit
253 2237 410 2274 impetrat.
436 2234 491 2266 ‘ist
526 2243 560 2268 ut
593 2239 656 2268 etc.
690 2236 743 2267 ein
780 2246 836 2268 er-

154 2279 335 2312 kliirender
381 2279 505 2312 Zusatz
556 2281 752 2322 geworden:
797 2291 833 2313 es

154 2325 269 2357 wurde
295 2324 328 2356 in
347 2325 463 2357 keiner
482 2326 668 2368 Beziehung
688 2327 833 2368 erlangt,

154 2370 230 2402 dass
256 2374 372 2403 etwas.
398 2388 442 2393 ——
467 2378 496 2404 et
520 2389 563 2394 —-
582 2382 688 2414 quoq„
712 2372 777 2404 und
797 2382 834 2404 so

153 2416 268 2448 wurde
303 2417 398 2457 auch,
431 2417 498 2458 vgl.
532 2418 586 2457 21,
624 2419 676 2458 10,
710 2419 748 2457 13
778 2419 832 2458 30,

155 2462 209 2502 10,
239 2463 288 2495 15.

199 2508 299 2540 4—7.
318 2507 510 2539 Echedemus
525 2506 611 2538 wird
630 2517 695 2538 von
713 2506 834 2550 Polyb,

152 2551 254 2583 sehon
279 2552 333 2584 bei
358 2552 428 2584 dem
462 2562 488 2583 c.
523 2554 554 2592 6,
584 2555 604 2586 4
638 2553 832 2585 ΕΝνΞῙιηῒοι]

902 1736 1044 1775 machte,
1063 1736 1118 1775 35,
1137 1737 1191 1776 35,
1214 1737 1246 1769 5.
1276 1738 1398 1777 ultima,
1419 1747 1445 1768 s.
1460 1738 1492 1777 4,
1503 1737 1534 1777 9,
1551 1738 1581 1769 3.

902 1792 1003 1821 casus,
1034 1779 1096 1814 διὰ
1121 1781 1262 1819 πολλὰς
1291 1782 1419 1820 cartag.
1445 1799 1491 1804 —
1516 1788 1583 1814 tra-

902 1829 967 1859 dito
991 1837 1102 1867 exere„
1129 1826 1257 1859 Acilius
1275 1827 1346 1866 hat,
1373 1827 1452 1859 weil
1471 1826 1582 1870 Scipio

903 1871 996 1903 nicht
1022 1871 1073 1904 bis
1092 1873 1175 1904 nach
1195 1872 1371 1915 Amphissa
1391 1873 1582 1914 gekommen

902 1917 958 1958 ist,
984 1917 1042 1950 das
1061 1917 1257 1949 Commando
1283 1916 1504 1959 fortgefiihrt3
1530 1919 1582 1951 die

903 1962 1096 2004 Uebergabe
1117 1963 1288 1996 desselben
1313 1963 1480 1995 berichtet
1498 1964 1583 1995 auch

904 2007 1021 2050 Polyb.
1062 2012 1132 2040 erst
1173 2008 1256 2049 hier,
1294 2019 1320 2040 c.
1359 2011 1389 2049 5,
1428 2009 1583 2041 eru-{hut

904 2054 985 2085 aber
1001 2053 1054 2086 ein
1080 2055 1137 2086 das
1162 2054 1353 2095 abgehende
1371 2055 1581 2087 ersetzendes

905 2098 990 2131 Heer
1014 2099 1116 2140 nicht,
1142 2110 1167 2131 s.
1193 2110 1218 2131 c.
1245 2101 1276 2140 2,
1303 2100 1344 2141 ὃς
1369 2102 1401 2140 4,
1430 2102 1457 2133 1.

951 2146 1074 2178 8—11.
1100 2148 1171 2186 iter,
1191 2145 1252 2177 deu
1270 2145 1478 2185 erwiihnten,
1506 2145 1582 2177 dass

905 2191 947 2222 du
974 2190 1085 2222 diesen
1125 2190 1258 2222 wiihlst.
1284 2208 1329 2213 ——
1356 2193 1443 2232 quod
1467 2193 1581 2230 insist„

905 2235 1014 2267 Plaut.
1033 2235 1113 2267 Cist,
1134 2238 1164 2275 4,
1187 2238 1217 2275 2,
1242 2237 1298 2269 11:
1324 2242 1435 2268 utrum
1461 2237 1520 2269 Ῐιασ
1539 2248 1583 2268 em

905 2284 978 2313 illac
1001 2283 1061 2313 iter
1084 2283 1256 2320 ins-{iterim
1284 2281 1350 2322 vgl.
1369 2280 1462 2313 Caes.
1484 2282 1518 2313 B.
1540 2280 1579 2314 G.

904 2328 935 2366 3,
967 2328 1025 2360 14:
1057 2337 1152 2367 quam
1184 2328 1338 2359 rationem
1364 2338 1496 2369 puqnae
1533 2329 1582 2359 in-

903 2374 1068 2411 sz'eterent5
1094 2373 1240 2413 ‹lagegen
1261 2371 1297 2403 L.
1324 2373 1379 2411 24,
1404 2375 1436 2412 4,
1464 2375 1501 2406 5:
1531 2384 1580 2405 ve-

901 2419 1004 2459 atiyiis
1028 2419 1182 2458 insistere,
1210 2420 1407 2459 disciplinae,
1435 2418 1502 2459 vgl.
1525 2419 1580 2458 37,

903 2464 957 2503 60,
1002 2464 1031 2495 2.
1074 2481 1118 2485 —
1153 2469 1253 2495 totum
1291 2466 1334 2504 id,
1379 2463 1439 2495 der
1475 2473 1581 2504 ganze

903 2507 1046 2548 Max-sch,
1089 2508 1122 2539 in
1158 2508 1338 2540 Riicksicht
1375 2507 1436 2540 auf
1467 2509 1580 2541 seinen

902 2552 1028 2594 Erfolg.
1061 2571 1105 2576 —
1140 2556 1170 2586 si
1199 2556 1347 2587 destituat
1396 2566 1425 2586 n.
1457 2557 1581 2596 fidem;
