1747 2841
256 120 311 162 4ss
679 117 805 150 LIBER
829 117 977 151 XXXV.
1010 117 1102 151 CAP.
1128 120 1181 153 28.
1212 120 1264 153 29.

1523 117 1556 152 [a.
1577 125 1605 146 u.
1623 118 1684 145 562.

195 238 233 269 11
255 223 342 262 stris
364 223 502 270 solent,
527 221 822 260 contraheretur
844 226 1050 268 certamen,
1081 233 1160 260 nox
1180 221 1398 261 intervenit.
1439 228 1595 273 postero
1620 223 1682 262 die

254 278 464 330 apparebat
487 278 743 329 pugnandum
774 289 846 328 pro
872 276 1126 327 aquatoribus
1155 278 1256 316 circa
1275 278 1405 317 rivum
1425 291 1521 317 esse.
1565 272 1680 318 nocte

253 336 293 373 in
319 336 415 374 valle
445 348 465 373 a
497 340 708 385 conspectu
730 334 902 372 hostium
925 345 1071 380 aversa,
1103 340 1287 384 quantam
1309 335 1596 374 multitudinem
1617 335 1679 374 lo—
1698 380 1702 384 ,

256 404 324 430 cus
350 392 528 430 occulere
549 396 710 441 poterat,
738 390 911 428 condidit
932 395 1203 429 caetratorum.

174 455 235 495 29

369 448 474 486 Luce
504 454 587 486 orta
620 447 863 486 Cretensium
893 446 987 484 levis
1013 452 1207 485 armatura
1237 453 1273 485 et
1302 447 1500 486 Tarentini
1531 446 1680 500 equites

254 517 373 555 super
406 509 620 542 torrentem
647 503 839 554 proelium
863 503 1165 549 commiserunt3
1196 503 1466 542 Telemnastus
1486 502 1680 542 Cretensis

253 560 508 611 popularibus
539 560 640 606 suis,
668 559 863 610 equitibus
894 559 1079 610 Lycortas
1110 559 1454 610 Megalopolitanus
1484 564 1679 610 praeerat3

214 619 234 650 2
254 616 468 663 Cretenses,
492 622 529 654 et
548 616 720 654 hostium
741 616 956 662 auxiliares,
980 615 1234 666 equitumque
1253 616 1356 654 idem
1370 628 1505 667 genus,
1528 616 1678 654 Taren-

252 673 333 720 tini,
363 672 555 723 praesidio
583 672 835 723 aquatoribus
866 678 986 710 erant.
1031 672 1269 722 aliquamdiu
1295 672 1458 711 dubium
1485 671 1679 723 proelium

253 729 326 767 fuit
353 735 396 768 ut
427 729 564 767 eodem
598 741 643 767 ex
673 734 779 779 parte
795 734 959 778 utraque
979 728 1185 767 hominum
1209 741 1350 779 genere
1375 734 1412 767 et
1431 729 1550 767 armis
1573 728 1677 779 pari—

213 781 232 813 3
252 785 348 831 bus3
377 785 613 836 procedente
646 785 854 823 certamine
881 791 918 823 et
944 797 1112 823 numero
1134 785 1259 823 vicere
1281 786 1437 836 tyranni
1459 785 1676 831 auxiliares,

252 848 289 880 et
310 842 400 892 quia
420 842 470 880 ita
489 847 741 892 praeceptum
762 841 1098 891 aPhilopoemene
1122 842 1325 892 praefectis
1346 847 1438 886 erat,
1458 847 1502 880 ut
1522 841 1677 880 modico

250 898 352 936 edito
380 898 527 948 proelio
548 898 588 936 in
615 900 747 948 sugam
777 897 1008 936 inclinarent
1027 898 1260 948 hostemque
1282 898 1329 936 ad
1354 899 1487 937 locum
1515 897 1677 936 insidia-

249 967 339 992 rum
361 954 642 1004 pertraherent.
674 955 796 992 effuse
818 954 938 993 secuti
962 954 1154 1004 fugientes
1175 966 1245 1005 per
1266 955 1481 993 convallem
1502 954 1678 1005 plerique

248 1016 285 1049 et
306 1011 496 1049 vulnerati
517 1017 553 1049 et
574 1011 767 1049 interfecti
790 1017 892 1057 sunt,
921 1011 1151 1061 priusquam
1173 1012 1369 1050 occultum
1392 1011 1545 1049 hostem
1567 1010 1677 1049 vide-

211 1071 233 1102 4
247 1072 346 1105 rent.

405 1067 561 1105 caetrati
590 1067 658 1113 ita,
686 1072 876 1117 quantum
918 1067 1077 1106 latitudo
1110 1068 1213 1106 vallis
1243 1067 1469 1118 patiebatur,
1499 1066 1679 1106 instructi

248 1123 439 1169 sederant,
471 1129 514 1161 ut
543 1123 650 1161 facile
674 1136 744 1174 per
763 1123 962 1161 intervalla
987 1124 1172 1162 ordinum
1194 1124 1384 1174 fugientes
1408 1136 1500 1162 suos
1523 1123 1677 1174 accipe-

212 1188 232 1219 5
248 1184 347 1218 rent.
387 1185 633 1229 consurgunt
653 1179 793 1218 deinde
813 1180 886 1230 ipsi
908 1180 1059 1233 integri,
1089 1186 1277 1227 recentes,
1308 1180 1510 1226 instructi;
1537 1180 1579 1218 in
1601 1180 1676 1218 ho-

250 1241 327 1274 stes
356 1236 610 1282 inordinatos,
643 1236 801 1282 effusos,
829 1236 961 1274 labore
992 1237 1106 1275 etiam
1138 1243 1174 1275 et
1203 1237 1431 1275 vulneribus
1453 1238 1578 1275 fessos
1599 1236 1676 1274 im-

209 1294 230 1326 6
250 1298 383 1343 petum
407 1292 564 1330 faciunt.
607 1304 679 1329 nec
700 1292 815 1330 dubia
839 1293 998 1330 victoria
1020 1293 1112 1331 fuit:
1141 1294 1335 1343 extemplo
1357 1299 1463 1343 terga
1486 1293 1590 1331 dedit
1612 1298 1676 1343 ty-

249 1348 363 1386 ranni
385 1348 494 1386 miles
518 1354 554 1386 et
574 1348 677 1386 haud
698 1349 813 1398 paulo
837 1348 1083 1387 concitatiore
1108 1361 1239 1396 cursu,
1268 1361 1386 1399 quam
1407 1354 1563 1387 secutus
1586 1354 1676 1396 erat,

209 1404 227 1435 7
249 1404 404 1454 fugiens
429 1405 470 1442 in
501 1409 623 1442 castra
646 1409 704 1442 est
724 1405 963 1454 compulsus.
1004 1405 1114 1443 multi
1137 1406 1236 1443 caesi
1260 1405 1438 1456 captique
1459 1405 1499 1444 in
1522 1417 1564 1444 ea
1586 1406 1677 1455 fuga

248 1466 360 1507 sunt3
384 1466 421 1498 et
441 1461 482 1498 in
505 1460 638 1499 castris
663 1472 822 1511 quoque
848 1462 949 1500 foret
974 1461 1221 1512 trepidatum,
1244 1462 1285 1500 ni
1305 1462 1589 1512 Philopoemen
1610 1473 1676 1500 re-

294 1546 362 1586 29.
394 1551 492 1582 1—7.
531 1551 681 1588 aretem„
709 1549 761 1581 die
788 1549 927 1585 bestand

247 1605 316 1634 aus,
345 1605 374 1629 c.
401 1596 454 1636 30,
486 1597 519 1635 13
556 1596 609 1635 24,
641 1596 691 1635 14,
722 1596 740 1627 3
769 1606 798 1626 u.
825 1606 853 1627 a.
882 1613 926 1617 ——

245 1642 419 1681 Lycortas,
453 1640 513 1672 der
541 1640 648 1671 Vater
669 1640 726 1672 des
752 1639 924 1682 Polybius,

247 1687 301 1726 38,
332 1688 384 1719 32.
411 1704 454 1708 —
481 1692 510 1718 et
532 1687 613 1719 host.
634 1688 745 1725 auxil„
772 1686 856 1717 auch
872 1685 926 1717 bei

245 1731 308 1762 den
341 1730 506 1772 Feinden,
534 1740 558 1762 S.
592 1732 653 1771 33,
700 1733 759 1771 14,
792 1733 831 1771 43
870 1733 923 1772 34,

246 1778 301 1817 27,
333 1778 363 1817 2,
389 1776 435 1807 ist
452 1776 516 1808 wie
535 1786 568 1808 es
582 1776 711 1808 scheint
729 1776 926 1818 Apposition

245 1832 286 1853 zu
321 1824 495 1862 Cretenses,
531 1822 623 1853 nicht
648 1821 825 1862 Prtidicat,
859 1822 926 1853 und

244 1867 431 1909 entspricht
461 1870 603 1908 equitum
636 1870 678 1899 id.
703 1879 819 1909 qenus,
854 1867 925 1899 die—

245 1912 337 1944 selbe
356 1912 505 1953 Gattung
524 1913 589 1944 wie
604 1913 656 1944 bei
676 1914 734 1944 den
756 1912 921 1954 Gegnern,

245 1957 309 1989 wie
328 1960 508 1999 Tarentini,
536 1958 602 1999 vgl.
623 1960 653 1998 6,
673 1960 703 1998 6,
729 1960 779 1999 13,
801 1968 924 1999 gegen-

243 2003 417 2035 iihersteht
463 2007 638 2046 Oretemes3
682 2004 734 2035 die
774 2003 926 2045 Stellung

245 2049 445 2089 chiastiseh,
481 2048 640 2080 Pr‘adicat
672 2060 713 2080 zn
738 2049 855 2081 beiden
879 2049 926 2081 ist

239 2097 381 2133 praesid.
415 2112 459 2117 ——
492 2101 593 2127 erant.
626 2113 671 2117 —
701 2102 737 2127 ut
755 2097 819 2126 eod.
844 2099 920 2135 etc.‚

246 2140 303 2171 das
336 2140 544 2181 Vorhergeh.
572 2139 838 2179 wiederholend3
865 2151 925 2172 zur

245 2184 432 2217 Construct.
460 2196 485 2217 s.
511 2187 565 2225 25,
595 2187 648 2225 20,
677 2188 714 2226 53
739 2196 799 2217 zur
817 2185 923 2217 sache

243 2232 298 2270 44,
326 2233 357 2271 4,
378 2233 407 2263 2.
424 2249 469 2252 -
486 2242 523 2262 esc
541 2238 637 2270 parte
659 2238 738 2271 atr„
766 2241 831 2262 von
852 2231 923 2263 bei-

246 2276 307 2306 den
322 2275 444 2316 Seiten,
466 2275 623 2308 Parteien
637 2287 695 2308 aus
711 2276 922 2317 (kiimpfend),

244 2319 304 2352 auf
326 2321 442 2352 beiden
463 2321 588 2361 Seiten,
617 2324 671 2361 44,
699 2323 753 2362 40,
782 2324 818 2355 5:
843 2325 925 2354 duae

243 2367 385 2398 cohortes
408 2378 428 2397 a
449 2374 546 2406 parte
569 2370 787 2400 Romanorum
812 2375 925 2408 erant,-

246 2412 300 2450 37,
334 2413 388 2451 23,
423 2414 454 2444 7.
490 2429 535 2435 —
560 2419 588 2445 et
611 2424 740 2445 numero
767 2431 811 2435 —-
835 2416 925 2455 quia,

245 2466 269 2487 s.
297 2466 323 2487 c.
359 2458 414 2496 27,
445 2459 495 2490 16.
528 2476 574 2480 -
604 2461 701 2500 effuse
723 2470 792 2500 seo„
819 2469 844 2490 S.
870 2460 925 2499 21,

246 2503 299 2541 55,
342 2503 380 2542 33
415 2503 469 2542 25,
514 2504 567 2543 38,
605 2505 664 2543 113
699 2506 752 2545 37,
796 2506 852 2544 43,
887 2506 926 2543 43

244 2546 296 2578 die
317 2546 387 2579 Hss.
416 2547 523 2580 haben
551 2551 647 2591 effusi
657 2553 763 2591 secuti,
781 2549 848 2591 vgl.
871 2551 924 2590 30,

998 1551 1028 1591 6,
1057 1553 1086 1584 5.
1113 1567 1156 1573 -
1174 1553 1334 1592 plerique,
1367 1551 1445 1582 sehr
1468 1549 1568 1591 viele,
1590 1560 1616 1581 c.
1642 1552 1675 1591 6,

997 1596 1035 1636 8;
1062 1596 1146 1627 nach
1169 1596 1188 1634 ξ
1216 1598 1234 1628 7
1259 1596 1505 1630 iibertreibend.
1525 1614 1570 1618 —
1586 1602 1615 1628 et
1631 1613 1677 1618 —-

996 1647 1024 1672 et
1047 1656 1093 1667 =
1116 1640 1216 1672 theils
1247 1659 1284 1663 —
1311 1641 1423 1681 theils,
1460 1651 1513 1673 wo
1538 1641 1603 1672 wir
1629 1644 1679 1673 vel

996 1704 1040 1708 -—
1064 1689 1113 1719 vel
1136 1690 1321 1727 erwarten,
1359 1686 1424 1718 wie
1451 1698 1485 1718 ve
1509 1691 1593 1719 statt
1615 1698 1677 1728 que

996 1732 1015 1771 ἓ
1044 1734 1073 1772 7,
1100 1742 1126 1763 c.
1155 1733 1210 1773 30,
1240 1734 1299 1765 11:
1329 1735 1526 1773 eapiz'vz'que;
1552 1743 1593 1764 zu
1623 1734 1674 1773 10,

997 1781 1027 1817 9,
1061 1779 1097 1810 5:
1123 1780 1298 1819 securique.
1323 1795 1366 1800 —
1381 1781 1510 1818 meere,
1535 1777 1601 1809 wie
1620 1777 1676 1810 bei

995 1823 1057 1854 den
1085 1822 1237 1864 Rb'mern,
1264 1825 1314 1865 10,
1342 1825 1373 1862 5,
1399 1825 1429 1856 6.
1450 1841 1494 1845 —-
1512 1834 1674 1865 eomurq„

996 1870 1026 1908 8,
1061 1870 1112 1907 10,
1135 1871 1172 1901 4:
1197 1871 1376 1911 consumite
1388 1880 1476 1901 num·
1488 1871 1616 1910 inteyri.
1631 1886 1676 1892 —-

994 1916 1128 1955 intem-i,
1178 1914 1238 1945 mit
1285 1915 1523 1946 unversehrter
1548 1912 1674 1955 {Hx-aft,

995 1959 1087 1990 nicht
1119 1958 1281 2000 verletzt3
1317 1967 1470 1999 recentes,
1506 1958 1610 1991 frisch
1637 1959 1671 1991 in

995 2006 1057 2036 den
1114 2003 1237 2047 Rampf
1274 2005 1455 2037 kommend.
1496 2023 1540 2027 —
1578 2006 1673 2037 etiam

994 2050 1059 2082 soll
1081 2050 1172 2081 nicht
1191 2050 1292 2082 allein
1313 2050 1505 2091 verbinden,
1531 2051 1674 2082 soudern

993 2096 1047 2127 ein
1083 2096 1254 2127 st'tirkeres
1287 2095 1432 2127 Moment
1462 2094 1673 2137 hinzufiigen,

993 2143 1098 2174 labore
1141 2141 1324 2183 entspricht
1366 2147 1519 2181 recentes,
1547 2144 1673 2175 vulner.

994 2186 1049 2226 (im
1082 2185 1220 2228 Rampfe
1259 2187 1325 2218 und
1366 2197 1424 2218 aus
1459 2187 1518 2218 der
1553 2185 1672 2228 Ferne,

994 2232 1096 2263 durch
1122 2231 1175 2263 die
1199 2231 1265 2263 wie
1289 2242 1316 2264 c.
1337 2233 1391 2272 27,
1417 2234 1436 2265 5
1454 2231 1674 2264 bewaffneten

994 2275 1191 2321 Caetraten)
1224 2278 1331 2318 fessos
1364 2278 1513 2319 dagegen
1545 2279 1673 2319 inteqri,

994 2322 1114 2354 ebenso
1152 2323 1204 2354 die
1238 2323 1407 2355 mittleren
1445 2322 1581 2355 Glieder
1617 2325 1675 2355 in-

995 2370 1112 2401 structi
1129 2385 1172 2390 —
1199 2371 1328 2410 effusos.
1355 2386 1402 2391 -——
1425 2371 1461 2400 in
1485 2379 1521 2400 ea
1537 2369 1585 2409 s.,
1617 2369 1672 2409 31,

995 2415 1051 2454 42,
1069 2415 1108 2453 ὃς
1129 2413 1212 2445 doch
1233 2413 1318 2445 fehlt
1335 2425 1372 2446 ea
1387 2413 1480 2445 viell.
1500 2413 1561 2445 mit
1569 2413 1676 2445 Recht

995 2458 1029 2490 in
1054 2459 1116 2490 den
1145 2459 1284 2491 meisten
1309 2459 1381 2493 Hss.
1399 2477 1445 2482 —
1460 2465 1489 2492 et
1503 2477 1548 2483 —
1563 2469 1671 2501 quoq„

998 2505 1052 2544 34,
1079 2506 1110 2545 2,
1144 2506 1203 2545 11;
1230 2506 1284 2546 37,
1309 2506 1362 2545 31,
1390 2506 1421 2539 2.
