1747 2841
48 140 50 142 ’
110 149 136 167 a.
157 141 208 168 ch.
228 141 287 168 189.

544 141 668 176 LIBER
693 142 885 176 XXXVIII.
911 141 1002 175 CAP.
1028 144 1081 177 23.

1438 144 1522 186 309

114 246 292 296 protinus
315 245 361 284 ad
388 246 682 296 perseqnendos
713 245 833 285 hostis
863 246 986 292 mittit,
1017 252 1054 285 et
1082 245 1163 296 ipse
1192 246 1305 296 paulo
1337 253 1426 296 post
1444 254 1521 286 tra-

112 302 187 341 dita
216 302 454 353 captivorum
485 303 655 341 custodia
688 302 851 341 tribunis
879 302 1042 341 militum
1070 302 1264 353 sequitur,
1292 302 1521 342 debellatum

111 365 228 403 ratus,
248 359 279 397 si
295 358 334 396 in
350 358 412 396 illo
428 371 571 409 pavore
586 371 702 409 quam
720 359 874 409 plurimi
889 359 986 397 caesi
1003 360 1132 397 forent
1146 364 1211 397 aut
1224 359 1335 409 rapti.
1367 371 1520 410 egresso
1541 368 1563 399 4

113 414 272 453 consule
293 414 331 453 C.
344 414 500 453 Helvius
524 427 612 454 cum
633 415 742 454 tertio
763 415 913 466 agmine
936 415 1099 460 advenit,
1120 427 1191 453 nec
1213 415 1409 454 continere
1429 428 1522 454 suos

111 471 158 510 ab
171 471 383 522 direptione
396 477 611 510 castrorum
625 472 750 516 valuit,
767 471 984 522 praedaque
997 483 1144 517 eorum,
1157 471 1395 522 iniquissima
1408 480 1522 519 sorte,

111 527 178 578 qui
198 539 350 578 pugnae
371 539 450 565 non
462 528 729 574 interfuerant,
752 530 846 566 facta
858 535 925 566 est.
955 527 1101 578 equites
1114 528 1178 566 diu
1192 528 1313 579 ignari
1326 534 1362 567 et
1371 540 1522 579 pugnae

110 590 147 622 et
157 583 336 622 victoriae
351 596 514 623 suorum
538 581 745 629 steterunt;
770 584 908 623 deinde
928 591 964 623 et
982 584 1067 634 ipsi,
1087 591 1275 634 quantum
1299 585 1406 635 equis
1426 584 1521 624 sub·
1542 597 1562 627 5

108 640 164 679 ire
194 646 392 691 poterant,
424 653 578 692 sparsos
602 644 689 692 suga
714 641 839 679 Gallos
861 641 959 679 circa
983 640 1128 679 radices
1152 641 1293 679 montis
1317 641 1522 680 consectati

110 696 281 735 cecidere
302 704 368 735 aut
388 710 536 748 cepere.
563 709 750 736 numerus
771 697 1062 735 interfectorum
1087 697 1187 735 haud
1213 697 1319 735 facile
1341 698 1429 736 iniri
1450 710 1522 748 po—
1542 716 1563 745 ὓ

111 753 194 799 tuit,
224 753 312 804 quia
343 754 413 793 late
444 766 514 804 per
545 754 671 792 omnis
703 756 910 792 amfractus
933 753 1122 792 montium
1146 756 1313 804 fugaque
1333 760 1369 792 et
1390 754 1523 793 caedes

110 809 193 855 fuit,
216 817 252 848 et
272 822 407 861 magna
427 823 516 861 pars
539 810 701 861 rupibus
719 810 833 848 inviis
855 811 895 848 in
916 810 1134 861 profundae
1146 810 1352 849 altitudinis
1365 810 1522 848 00111111-
1543 823 1562 853 τ

108 866 163 905 les
187 866 339 917 delapsa
362 873 430 913 est,
461 879 549 918 pars
572 867 611 905 in
636 867 739 905 silvis
761 866 1022 917 vepribusque
1043 866 1179 905 occisa.

1232 867 1424 912 Claudius,
1457 867 1522 917 qui
1543 880 1564 910 5

109 922 167 961 bis
191 930 407 974 pugnatum
426 924 465 962 in
479 923 644 974 Olympo
668 928 799 962 monte
820 922 961 967 scribit,
986 923 1030 961 ad
1057 923 1306 974 quadraginta
1331 923 1429 962 milia
1449 923 1523 961 ho-

110 979 259 1018 minum
291 986 425 1026 auctor
447 986 504 1019 est
526 992 654 1025 caesa,
683 979 853 1019 Valerius
875 980 1027 1026 Antias,
1059 980 1126 1030 qui
1155 979 1274 1030 magis
1293 979 1523 1018 immodicus

109 1037 148 1075 in
180 1048 345 1075 numero
364 1036 540 1087 augendo
564 1048 647 1074 esse
671 1037 787 1081 solet,
808 1047 888 1074 non
911 1036 997 1087 plus
1021 1036 1154 1075 decem
1179 1037 1290 1075 milia.
1336 1048 1524 1075 numerus
1543 1046 1563 1078 9

109 1093 348 1143 captivorum
368 1093 469 1131 haud
490 1092 605 1131 dubie
627 1093 726 1131 milia
748 1092 996 1143 quadraginta
1013 1093 1188 1144 explevit,
1212 1093 1298 1143 quia
1315 1093 1442 1131 omnis
1457 1106 1523 1143 ge-

109 1149 212 1188 neris
252 1149 460 1199 aetatisque
499 1148 649 1188 turham
691 1161 825 1188 secum
856 1155 1049 1188 traxerant
1078 1149 1372 1200 demigrantium
1404 1149 1523 1200 magis

110 1217 226 1256 quam
256 1206 296 1244 in
326 1205 469 1245 bellum
501 1206 675 1244 euntium
707 1206 837 1244 modo.

891 1206 1028 1244 consul
1053 1206 1168 1244 armis
1189 1206 1359 1245 hostium
1382 1206 1421 1244 in
1444 1217 1522 1244 uno
1549 1221 1586 1251 50

109 1262 363 1301 conerematis
395 1263 550 1301 cumulo
582 1269 746 1301 ceteram
777 1261 958 1313 praedam
986 1264 1164 1301 conferre
1185 1263 1312 1301 omnis
1343 1262 1463 1308 iussit,
1489 1268 1526 1300 et

109 1324 175 1357 aut
204 1319 384 1364 vendidit,
415 1318 519 1369 quod
551 1319 633 1357 eius
664 1319 703 1357 iu
735 1318 933 1369 publicum
954 1319 1208 1370 redigendum
1229 1325 1319 1365 erat,
1350 1325 1415 1358 aut
1434 1330 1522 1357 cum

110 1387 214 1421 cura,
240 1382 283 1413 ut
303 1387 418 1426 quam
442 1375 672 1426 aequissima
692 1381 802 1421 esset,
830 1388 898 1426 per
922 1375 1057 1414 milites
1081 1375 1218 1414 divisit.
1257 1375 1396 1414 laudati
1421 1387 1522 1426 quo·
1544 1390 1581 1422 11

111 1444 187 1483 que
216 1443 287 1482 pro
320 1438 499 1470 contione
527 1444 661 1470 omnes
692 1438 803 1477 sunt,

111 1569 144 1598 in
166 1568 221 1598 illo
239 1576 324 1605 pav.,
350 1569 458 1605 unter,
483 1565 643 1597 w'ahrend
675 1565 722 1597 sie
748 1565 781 1596 in

110 1629 154 1634 —
178 1611 305 1650 waren,
331 1611 385 1649 33,
411 1613 464 1651 46,
494 1612 531 1651 33
557 1613 610 1649 40,
637 1613 691 1650 47,
719 1613 747 1644 5.

156 1658 256 1690 4—9.
291 1659 449 1688 continere
481 1673 524 1678 —
559 1659 668 1691 valuit,
709 1656 782 1688 eine

111 1703 204 1735 mehr
227 1701 281 1733 bei
305 1701 464 1733 Dichtern
489 1713 519 1733 u.
537 1692 697 1744 Spateren
713 1702 783 1734 sich

110 1747 258 1780 findende
279 1746 477 1787 Construct„
513 1758 537 1779 5.
569 1747 660 1779 Curt.
693 1749 722 1788 3,
750 1748 782 1781 9

112 1797 140 1828 5
165 1811 210 1816 -—
230 1795 417 1833 praeda—
438 1794 473 1834 f.
509 1799 562 1831 est,
597 1803 700 1834 gegen
733 1792 783 1824 die

111 1838 225 1880 Regel,
267 1839 341 1870 dass
387 1838 470 1871 alles
509 1838 688 1870 Erbeutete
726 1849 785 1870 zu-

110 1884 414 1925 sammengebracht
433 1884 497 1916 und
516 1888 585 1916 erst
602 1884 687 1915 datm
708 1894 784 1915 ver-

110 1930 209 1962 theilt
249 1929 346 1969 wird,
378 1940 404 1962 s.
448 1931 478 1971 3,
514 1932 566 1969 70,
604 1931 643 1963 12
676 1941 706 1962 u.
743 1940 783 1970 a.‚

114 1975 225 2016 Lange
253 1977 283 2015 2,
310 1976 386 2009 231.
415 1994 456 1999 —-
483 1987 590 2008 eorum
614 1994 657 1998 —
677 1976 783 2017 facta,

112 2031 184 2053 zum
219 2020 328 2052 Besitz
373 2021 468 2053 ‹lerer
503 2021 689 2063 geworden,
730 2023 783 2061 45,

112 2069 143 2106 7,
173 2068 203 2105 3,
230 2067 297 2107 vgl.
325 2076 351 2098 0.
379 2068 410 2106 9,
439 2066 488 2100 10.
513 2084 558 2089 -—
582 2069 727 2108 iniquies.
748 2078 784 2105 3.,

110 2112 170 2144 mit
193 2111 391 2144 Nachdruck
407 2112 571 2144 zwischen
596 2123 703 2144 eorum
718 2112 783 2143 und

57 2189 65 2192 .
111 2169 177 2200 qm,
202 2158 270 2198 vgl
285 2159 782 2199 25,16,5.—11audfa0.m.

105 2214 153 2244 μ,
166 2203 257 2255 App.
283 2213 309 2234 c.
335 2204 396 2237 42.
423 2203 554 2237 ἕκτεηε
583 2204 644 2236 καὶ
679 2214 783 2237 κατε-

109 2246 306 2303 κρήμνισεν
349 2247 457 2286 ὅσους
492 2244 785 2303 ἀριθμήσασθαι

112 2282 173 2327 διὰ
207 2293 248 2327 τὸ
284 2293 429 2336 πλῆθος
461 2291 525 2327 οὐκ
560 2295 714 2338 ἐγένετο.
740 2312 783 2317 -

110 2341 215 2379 rumh.
256 2342 334 2379 inv„
384 2340 568 2372 entw:eder
615 2340 693 2372 weil
740 2358 784 2362 —

112 2395 237 2426 waren,
255 2386 350 2417 oder:
374 2396 439 2416 zon
468 2386 528 2418 den
550 2385 679 2425 Felsen,
705 2396 730 2417 s.
754 2387 782 2425 1,

112 2432 166 2473 31,
200 2432 238 2464 2:
271 2434 351 2464 caelo
384 2433 537 2471 cecidere;
569 2433 623 2471 26,
663 2432 714 2471 19,
744 2432 781 2464 11

111 2487 142 2508 u.
168 2486 196 2508 a.
225 2494 268 2499 u
294 2479 415 2517 Claud,
454 2478 506 2516 35,
543 2479 594 2517 14,
624 2479 652 2510 5.
676 2494 720 2499 —
743 2478 787 2508 ad

110 2523 234 2564 quadr„
270 2522 336 2563 vgl.
364 2522 444 2565 App.
474 2522 494 2554 1.
522 2522 544 2556 l.
578 2541 620 2544 —
647 2524 784 2561 immod„

111 2568 166 2608 33,
198 2569 249 2608 10,
276 2569 305 2601 8.
352 2567 412 2599 Die
439 2567 691 2600 abweichenden
712 2567 783 2598 An-

844 1432 1052 1483 donatique
1079 1445 1150 1484 pro
1179 1432 1314 1471 merito
1346 1432 1522 1483 quisque,

851 1565 956 1606 gaben
984 1565 1042 1597 der
1063 1564 1258 1597 Annalisten
1287 1565 1359 1597 sind
1386 1565 1458 1597 hier
1491 1565 1522 1597 in

852 1611 913 1643 den
951 1611 1033 1642 nach
1072 1609 1188 1653 Polyb.
1231 1610 1419 1652 gegebenen
1461 1611 1522 1642 Be-

851 1657 938 1688 richt
955 1656 1203 1697 eingeschoben,
1227 1656 1436 1697 gewo'hnlich
1458 1655 1524 1688 fol-

852 1712 912 1743 gen
938 1702 984 1734 sie
1010 1701 1195 1734 11οω5011)οη
1232 1703 1327 1744 nach,
1367 1702 1434 1744 vgl.
1468 1704 1522 1743 35,

855 1750 906 1786 14,
928 1748 957 1780 3.

903 1794 1045 1827 10—11.
1076 1795 1111 1824 in
1143 1810 1184 1815 -—
1223 1796 1357 1833 cumulo,
1393 1792 1460 1834 vgl.
1496 1795 1524 1833 1,

856 1840 916 1879 37,
954 1841 989 1872 5:
1022 1840 1130 1879 spoliis
1162 1856 1206 1861 -—·
1234 1841 1356 1881 inqenti
1391 1841 1525 1880 cumulo,

853 1887 1011 1923 aeoensz's;
1034 1894 1059 1916 s.
1085 1895 1125 1915 zu
1150 1885 1179 1923 8,
1200 1885 1253 1925 30,
1269 1888 1306 1916 8:
1331 1890 1475 1925 oons‘esta
1491 1887 1525 1916 in

854 1948 892 1953 —-
922 1941 1066 1963 acervum
1098 1932 1224 1962 hostilia
1254 1942 1364 1969 arma,·
1390 1929 1525 1971 Madvig

853 1975 925 2007 will
950 1978 986 2007 in
1009 1973 1190 2007 entfernen.
1212 1994 1256 1998 —
1273 1977 1417 2017 eowferre
1440 1986 1466 2007 o.
1486 1987 1522 2015 6.,

854 2021 905 2053 die
941 2021 1165 2053 Besitznahme
1205 2020 1226 2062 ξ
1260 2023 1298 2054 4:
1334 2032 1442 2053 eorum
1479 2039 1523 2043 —

845 2068 939 2108 facea
963 2077 1035 2098 war
1060 2066 1129 2097 also
1158 2077 1218 2097 nur
1242 2066 1522 2108 voriibergehend.

851 2131 895 2136 —
921 2119 975 2144 aut
997 2130 1042 2135 -—
1066 2119 1131 2151 aut,
1164 2112 1225 2144 deu
1265 2111 1359 2144 einen
1392 2130 1435 2134 -—
1459 2112 1521 2144 den

851 2158 994 2190 anderen
1032 2156 1139 2198 Theil,
1178 2159 1232 2197 35,
1269 2159 1297 2197 1,
1343 2159 1402 2198 123
1440 2161 1525 2199 quod

850 2207 916 2236 εἰπε
950 2207 1025 2235 etc..
1072 2203 1124 2235 die
1156 2201 1377 2244 Gesangenen.
1409 2222 1452 2226 —
1489 2210 1524 2236 ut

852 2268 893 2273 —
910 2256 996 2287 esset,
1014 2249 1154 2280 n'amlich
1171 2251 1301 2289 praeda,
1327 2249 1385 2280 ‹ler
1404 2248 1522 2281 Beute-

852 2294 976 2326 antheil
1004 2294 1062 2326 der
1085 2293 1263 2326 Einzelneu
1287 2305 1323 2326 so
1348 2294 1443 2335 billig
1472 2294 1522 2326 als

851 2339 994 2381 m'oglich
1017 2339 1183 2371 bestimmt
1206 2340 1338 2382 wiirde3
1371 2340 1454 2372 doch
1478 2340 1523 2372 ist
1550 2347 1557 2353 ’

852 2387 910 2417 der
952 2385 1125 2417 Ausdruck
1169 2385 1433 2427 eigenthiimlich.
1477 2403 1522 2408 —

845 2442 906 2472 per
941 2433 1017 2471 mil„
1058 2431 1159 2463 durch
1193 2449 1237 2454 —
1266 2431 1334 2470 hin,
1372 2441 1407 2463 so
1448 2431 1522 2463 dass

849 2477 944 2518 jeder
977 2494 1020 2499 —
1056 2477 1186 2517 erhielt,
1218 2481 1326 2516 uuter,
1369 2478 1423 2517 22,
1466 2478 1520 2517 54,

853 2523 890 2555 2:
913 2533 976 2562 per
997 2522 1145 2563 familias
1168 2533 1238 2555 cum
1264 2524 1449 2555 divisissent.
1478 2534 1536 2545 ——⁴

846 2579 908 2608 pro
936 2575 1026 2607 conc„
1053 2578 1116 2600 von
1143 2569 1201 2600 der
1228 2571 1327 2601 comio
1352 2568 1525 2609 umgeben,
