1747 2841
230 137 314 181 218

627 139 954 184 LIBER{XXXVI1.
988 140 1080 174 CAP.
1107 143 1158 176 36.
1186 143 1240 175 37.

1495 149 1521 167 a.
1542 149 1570 167 ιι.
1584 141 1648 168 564.

227 242 357 281 Asiam
380 243 643 290 traiceremus,
664 244 695 283 si
715 256 849 295 pacem
870 250 1067 295 tamquam
1090 244 1137 283 ab
1160 245 1330 285 sollicitis
1349 245 1397 285 de
1407 245 1496 284 belli
1506 251 1647 284 eventu

187 311 207 342 5
227 299 384 350 petituri
412 301 545 339 eratis:
577 313 764 340 concesso
795 313 887 339 vero
916 301 957 340 in
986 301 1116 340 Asiam
1146 302 1310 341 transitu
1342 308 1379 342 et
1406 314 1489 341 non
1520 302 1648 341 solum

227 356 360 403 frenis,
391 357 458 395 sed
489 358 602 396 etiam
634 358 723 409 iugo
756 363 913 408 accepto
945 369 1043 408 quae
1072 358 1293 410 disceptatio
1325 371 1371 398 ex
1392 371 1530 410 aequo,
1558 360 1661 398 cum'

187 426 207 458 6
229 412 439 464 imperium
465 414 691 465 patiendum
723 414 782 461 sit,
811 414 941 453 relicta
967 412 1055 453 est?
1084 427 1154 466 ego
1187 428 1233 455 ex
1265 415 1527 455 munificentia
1546 415 1652 467 regia

231 469 443 508 maximum
460 470 609 510 donum
624 471 746 510 filium
761 470 932 517 habeho3
963 471 1056 518 aliis,
1087 472 1180 510 deos
1208 484 1359 524 precor,
1390 485 1439 511 ne
1461 484 1651 523 umquam

189 540 206 571 7
230 528 388 565 fortuna
419 533 526 578 egeat
551 540 655 574 mea3
687 528 841 566 animus
873 533 975 566 certe
1006 540 1087 566 non
1117 527 1253 579 egebit.
1292 542 1364 581 pro
1397 535 1500 568 tanto
1526 529 1567 567 in
1588 541 1653 569 me

229 595 394 622 munere
425 590 575 635 gratum
608 597 670 623 me
697 585 737 623 in
767 597 808 623 se
833 597 916 623 esse
939 585 1087 631 sentiet,
1117 585 1149 623 si
1180 586 1367 636 privatam
1399 586 1557 638 gratiam
1578 597 1651 636 pro

229 640 377 689 privato
403 640 591 680 beneficio
624 641 876 687 desider-abiu
907 640 1061 691 publice
1091 653 1163 680 nec
1190 642 1339 681 habebo
1370 643 1579 693 quicquam
1605 641 1654 680 ab

190 709 210 741 g
229 695 293 734 illo
323 708 396 735 nec
417 697 529 737 dabo.

582 698 686 749 quod
707 699 747 736 in
770 699 986 749 praesentia
1008 697 1098 736 dare
1119 699 1280 749 possim,
1313 699 1424 738 fidele
1446 699 1653 738 consilium

229 759 297 791 est..
338 753 421 800 abi,
452 755 587 793 nuntia
615 756 711 794 meis
738 755 888 801 verbis,
918 754 1019 793 hello
1039 754 1216 802 absistat,
1255 756 1360 806 pacis
1383 756 1653 794 condicionem

189 822 209 854 9
229 809 375 848 nullam
398 815 586 850 recuset.‘·
619 812 715 850 nihil
735 824 777 850 ea
799 818 1008 850 moverunt
1030 824 1174 862 regem,
1197 814 1413 851 tntamfore
1425 812 1512 851 belli
1532 813 1653 852 aleam

229 872 370 914 ratum,
394 869 550 919 quando
572 869 733 920 perinde
753 881 796 907 ac
819 869 917 907 victo
939 868 1015 907 iam
1035 868 1108 907 sibi
1118 869 1220 920 leges
1244 869 1477 908 dicerentur.
1509 869 1654 909 omissa

228 922 344 974 igitur
365 924 405 962 in
429 926 646 976 praesentia
669 926 865 964 mentione
898 926 1002 976 pacis
1025 931 1144 964 totam
1165 938 1299 964 curam
1318 926 1358 965 in
1379 926 1467 966 belli
1487 938 1654 978 appara-

228 985 312 1018 tum
342 980 518 1021 intendit.

150 1036 210 1077 37

345 1037 491 1077 Consul
521 1038 704 1077 omnihus
736 1039 970 1089 praeparatis
1000 1039 1045 1077 ad
1073 1039 1273 1090 proposita
1293 1039 1541 1090 exsequenda
1563 1051 1652 1078 cum

230 1105 276 1131 ex
289 1095 432 1134 stativis
443 1097 640 1141 movisset,
662 1096 886 1134 Dardanum
899 1095 1085 1146 primum,
1108 1096 1247 1134 deinde
1258 1096 1476 1135 Rhoeteum
1489 1103 1655 1147 utraque

190 1159 209 1191 2
231 1150 378 1190 civitate
410 1151 562 1191 obviam
595 1153 716 1191 effusa
746 1153 861 1191 venit..
907 1152 998 1190 inde
1018 1152 1130 1191 Ilium
1150 1153 1350 1203 processit,
1381 1154 1594 1204 castrisque
1613 1153 1654 1191 in

231 1218 382 1258 campo,
415 1209 480 1259 qui
510 1216 565 1248 est
597 1208 793 1248 subiectus
815 1208 1035 1255 moenibus,
1067 1209 1202 1259 positis
1222 1210 1262 1248 in
1284 1209 1424 1249 urbem
1446 1221 1654 1260 arcemque

191 1275 210 1307 3
230 1275 318 1303 cum
350 1266 597 1313 escendisset,
628 1266 855 1304 sacrificavit
874 1265 1070 1304 Minervae
1092 1266 1259 1316 praesidi
1277 1267 1375 1305 arcis
1395 1272 1432 1305 et
1450 1266 1653 1306 Iliensibus

228 1319 269 1358 in
301 1322 409 1361 omni
436 1335 571 1362 rerum
603 1323 894 1373 verborumque
922 1322 1074 1360 honore
1104 1322 1150 1360 ab
1181 1335 1221 1361 se
1246 1323 1434 1362 oriundos
1453 1323 1656 1362 Romanos

232 1481 295 1519 45,
325 1480 378 1519 37,
409 1481 438 1512 3.
468 1498 506 1502 ——
535 1486 711 1521 tamquam,
752 1490 822 1511 was
850 1490 909 1511 nur

231 1525 282 1556 die
310 1524 371 1556 Mz.
401 1525 454 1557 Hs.
487 1526 562 1565 hat,
607 1526 693 1557 kann
729 1526 908 1557 bedeuten:

230 1571 280 1602 als
317 1571 356 1602 ob
394 1571 458 1603 wir
492 1572 589 1611 (uach
623 1581 721 1603 eurer
753 1571 909 1611 Ansicht)

231 1616 363 1660 waren,
404 1616 520 1648 Polxb.
548 1628 574 1648 c.
604 1618 655 1657 12,
683 1618 701 1650 8
727 1622 804 1658 sagt
830 1628 908 1649 nur:

230 1662 275 1703 ἠν
314 1672 361 1696 αἶ’
402 1662 515 1700 012*ng
552 1675 667 1696 ((07ον
704 1659 910 1708 [ίᾳικὲσθαι

232 1708 305 1741 τῶι
329 1706 577 1754 (iffcoiffluszonm
611 1708 745 1740 'ahnlich
770 1709 908 1751 Appian

231 1755 392 1795 —frem's
405 1772 443 1777 —
462 1758 543 1796 iuyo.
564 1753 599 1785 L.
618 1755 676 1786 hat
696 1755 753 1786 das
774 1754 909 1786 Gleich-

232 1799 299 1831 niss
326 1800 379 1831 hei
409 1799 498 1834 Pol.:
540 1796 841 1846 ποοσδεξάιιειος
866 1813 910 1833 οι

232 1841 354 1900 μόιΗοῑ
377 1832 625 1891 τὸνχιμῆὶιιὸϊ,
653 1833 745 1878 ἄλλα
765 1849 827 1878 καὶ
846 1843 911 1879 τὸν

233 1887 446 1934 thapsam,-
485 1891 571 1923 Plut.
606 1892 809 1934 Apophtheg
847 1894 909 1925 196

234 1937 324 1980 (67);
350 1937 496 1980 Appian3
514 1938 656 1970 welches
678 1936 750 1969 eine
767 1937 910 1979 Auspie-

232 1983 312 2024 lung
345 1983 404 2015 auf
434 1983 486 2015 die
517 1983 681 2015 bekannte
716 1983 820 2015 Fabel
854 1984 909 2015 des

233 2028 444 2061 Stesichorus
470 2030 611 2069 enth'alt,
637 2040 663 2061 s.
690 2029 766 2061 Hor.
790 2028 848 2071 Ep.
879 2031 906 2068 1,

237 2077 287 2115 10,
317 2076 378 2116 343
403 2074 542 2107 Phaedr.
558 2077 589 2115 4,
621 2076 651 2111 3,
671 2074 735 2106 wie
753 2076 837 2106 auch
855 2075 907 2107 die

232 2120 331 2152 Form
373 2121 431 2152 der
462 2120 551 2153 Rede
592 2121 763 2162 geandert.
797 2139 838 2143 -
873 2133 909 2153 ex

234 2178 341 2207 aequo,
368 2177 393 2198 s.
418 2168 472 2207 35,
504 2169 554 2206 16,
580 2168 619 2209 63
647 2169 676 2206 7,
706 2168 760 2206 30,
788 2167 826 2206 23
852 2168 907 2206 42,

233 2213 294 2252 30,
333 2214 372 2252 6,
409 2212 474 2244 wie
511 2223 552 2244 an
588 2224 618 2244 u.
645 2212 692 2244 St,
718 2211 907 2251 attributiv,

236 2260 286 2297 10,
313 2261 368 2298 45,
396 2260 453 2298 123
480 2259 534 2294 39.
561 2259 615 2294 36,
647 2260 674 2291 1.
774 2261 908 2290 aliis-

232 2315 318 2346 mea,
360 2304 462 2336 durch
498 2304 549 2336 die
576 2303 729 2345 Stellung
763 2304 910 2345 gehoben

232 2350 297 2381 und
329 2350 400 2382 dem
425 2350 631 2391 Neiheigeh.
668 2361 699 2383 u.
725 2349 818 2391 Folg.
851 2359 908 2391 ge

234 2396 527 2441 geniibergesetzt·
544 2397 698 2436 fortuna,
717 2396 775 2427 der
796 2394 909 2427 Grund

233 2445 317 2473 statt
342 2442 400 2473 der
427 2440 567 2481 Person,
601 2442 659 2473 der
685 2440 843 2473 Gedanke
867 2441 912 2473 ist

233 2487 325 2518 mehr
362 2487 627 2529 parenthetisch,
665 2487 706 2518 da
740 2487 784 2518 im
817 2486 910 2528 Folg.

235 2539 322 2565 tanto
346 2533 472 2565 wieder
497 2532 556 2564 auf
577 2544 629 2574 eqo
648 2551 687 2556 —
716 2534 828 2565 habebo
852 2543 911 2564 zu-

234 2578 407 2619 riickgeht.
432 2597 475 2601 —
498 2580 634 2620 publice,
660 2578 709 2610 als
735 2579 912 2611 Yertreter

979 1479 1035 1511 des
1063 1479 1214 1520 Staates,
1242 1482 1373 1520 publica
1396 1484 1598 1518 auctoritate,
1624 1483 1657 1521 4,

983 1527 1040 1565 13,
1068 1526 1087 1558 8
1114 1536 1145 1557 ιι.
1172 1535 1202 1557 a
1213 1537 1221 1565 3
1246 1530 1330 1557 statt
1354 1526 1410 1558 des
1435 1536 1560 1567 ganzeu
1589 1525 1656 1558 Ge-

979 1571 1125 1603 dankens
1149 1583 1202 1613 eqo
1226 1590 1270 1594 —
1295 1573 1372 1603 dabo
1390 1573 1450 1603 hat
1467 1571 1537 1604 Pol.
1558 1582 1584 1603 c.
1604 1574 1655 1612 15,

982 1619 1019 1650 11
1048 1627 1124 1648 nur:
1174 1614 1257 1650 ιῖιτὶ
1292 1617 1332 1650 δὲ
1370 1618 1432 1660 τῆς
1464 1630 1556 1651 κατα
1590 1617 1657 1650 τοῦ

983 1663 1064 1695 ιῐοι
1090 1663 1317 1707 gnayfxyehag
1347 1661 1564 1717 ὑπισχξεῑτο
1590 1659 1660 1696 δώ-

980 1719 1058 1741 σειι
1087 1709 1181 1741 offra]
1209 1719 1253 1742 σι
1255 1710 1443 1762 μβοιλιαν
1462 1706 1570 1748 (ἰξίαν
1594 1709 1659 1751 τῆς

979 1757 1269 1799 ποοτειιοαένης
1305 1752 1469 1800 χάριτος.
1514 1773 1559 1777 -
1594 1756 1657 1796 abi,

978 1807 1090 1840 mma,
1115 1802 1177 1840 22,
1203 1803 1257 1840 49,
1286 1803 1343 1841 10,
1368 1804 1423 1841 44,
1449 1803 1503 1841 26,
1533 1802 1584 1834 11.
1613 1819 1657 1823 —

979 1849 1055 1877 meis
1079 1857 1119 1884 v.,
1150 1847 1181 1886 6,
1210 1848 1262 1886 17,
1289 1847 1318 1880 8.

1027 1893 1056 1924 9.
1082 1898 1194 1931 tutam,
1223 1894 1251 1932 1,
1279 1893 1332 1931 23,
1358 1894 1399 1934 93
1425 1896 1517 1924 sonst
1541 1892 1585 1924 ist
1601 1901 1657 1933 ge-

980 1938 1058 1969 rade
1082 1937 1134 1969 die
1161 1940 1229 1969 alea
1254 1938 1408 1970 unsicher
1435 1939 1501 1969 und
1520 1935 1657 1979 gefahr-

980 1983 1059 2015 voll.
1085 2001 1130 2005 -—
1148 1986 1285 2023 perinde
1348 2004 1352 2006 -
1377 1987 1472 2026 leqes,
1507 1983 1573 2025 vgl,
1602 1984 1658 2024 32,

984 2031 1034 2068 10,
1063 2031 1104 2069 73
1146 2032 1200 2070 31,
1231 2031 1281 2070 11,
1314 2032 1363 2062 17.
1389 2047 1431 2053 —
1458 2031 1604 2068 intendit,
1631 2039 1658 2061 e.

981 2076 1041 2109 31,
1068 2078 1107 2116 43
1152 2077 1188 2115 5,
1216 2076 1252 2115 8,
1281 2077 1319 2108 2:
1354 2087 1432 2109 cura
1456 2078 1599 2108 omnium
1624 2077 1660 2106 in

986 2122 1098 2153 Veiens
1117 2123 1229 2152 bellum
1242 2124 1375 2162 intenta,
1395 2121 1460 2163 vgl.
1479 2123 1532 2161 35,
1557 2122 1609 2161 11,
1628 2122 1659 2154 9.

1026 2163 1202 2203 37—44.
1252 2168 1283 2200 2.
1329 2167 1388 2199 Die
1414 2167 1572 2199 Schlacht
1606 2165 1661 2198 bei

980 2211 1161 2252 Magnesia.
1211 2212 1323 2244 Iustin.
1353 2214 1406 2253 31,
1435 2214 1473 2252 83
1507 2211 1658 2244 Frontin.

979 2256 1126 2298 Strateg.
1145 2260 1176 2299 4,
1196 2260 1225 2296 7,
1246 2260 1307 2298 30;
1321 2258 1461 2301 Appian.
1476 2257 1553 2301 Syr.
1574 2256 1658 2291 30ff.

1029 2305 1123 2336 1—3.
1149 2315 1187 2335 ez
1212 2311 1294 2343 stat„
1317 2314 1343 2336 c.
1370 2306 1422 2338 33.
1441 2322 1483 2327 -
1504 2306 1660 2344 movisset,

979 2360 1003 2381 s.
1031 2350 1091 2388 35,
1118 2351 1161 2390 4,
1187 2352 1216 2383 5.
1244 2367 1287 2372 —
1315 2352 1483 2392 Dardan.‚
1507 2360 1534 2381 c.
1560 2351 1591 2389 9,
1618 2351 1659 2390 73

979 2395 1260 2427 wahrscheinlieh
1292 2396 1337 2428 ist
1368 2396 1427 2428 der
1457 2394 1579 2427 Consul
1603 2393 1658 2426 bei

980 2440 1118 2482 Abydus
1166 2441 1321 2482 gelandet
1368 2442 1433 2474 und
1471 2441 1550 2482 geht
1590 2450 1656 2471 nun

980 2485 1108 2518 siidlich
1134 2497 1175 2518 an
1205 2487 1262 2519 der
1280 2486 1385 2519 liiiste
1409 2487 1476 2521 hin.
1500 2505 1535 2509 -
1556 2488 1658 2518 Ilium

981 2551 1019 2555 —-
1039 2534 1164 2574 sacras,
1188 2543 1212 2564 s.
1238 2543 1266 2564 c.
1283 2534 1315 2569 9,
1345 2535 1384 2573 73
1410 2534 1463 2573 35,
1489 2533 1545 2573 43,
1571 2533 1658 2566 3.-

982 2581 1015 2610 in
1042 2581 1129 2610 omni
1152 2583 1226 2619 etc„
1252 2579 1336 2610 auch
1362 2582 1454 2610 sonst
1471 2578 1571 2610 findet
1587 2576 1658 2609 sich
