1747 2841
90 127 118 153 ἓ·
139 117 189 145 ch.
210 119 269 145 ¹8⁹·
511 118 636 152 LIBER
662 118 856 153 xxxvm.
890 118 982 152 CAP.
1010 120 1043 153 6.
1070 122 1099 151 7.

1430 119 1517 162 275

82 223 265 264 terrentis.
324 222 464 273 quodsi
494 234 540 260 ex
570 222 790 272 composito
817 229 898 261 acta
924 234 986 261 res
1020 222 1174 268 suisset,
1218 222 1320 260 haud
1348 222 1513 262 dubium

81 286 165 320 erat
187 279 400 331 expugnari
423 290 499 317 una
520 279 653 329 utique
675 285 784 329 parte
807 291 924 330 opera
945 289 1037 317 cum
1059 290 1197 329 magna
1210 278 1324 317 caede
1338 278 1511 318 hostium

81 336 267 388 potuisse.
313 334 608 374 Ambracienses
638 335 785 387 quique
813 335 918 374 intus
949 340 1060 373 erant
1081 334 1204 373 Aetoli
1237 346 1317 373 non
1346 334 1393 373 ab
1426 336 1511 375 eius
1529 342 1551 376 8

86 393 216 432 solum
246 392 369 430 noctis
395 392 549 442 incepto
571 404 778 439 recessere,
809 391 877 431 sed
898 391 938 430 in
960 391 1155 442 reliquum
1176 403 1335 442 quoque
1356 397 1511 443 tempus

84 449 190 488 velut
208 448 351 499 proditi
371 447 418 487 ab
439 449 518 486 suis
539 448 737 499 segniores
762 448 808 488 ad
830 447 999 499 pericula
1021 453 1141 486 erant.
1184 448 1257 486 iam
1281 460 1398 486 nemo
1417 460 1509 487 eru·
1529 452 1550 485 9

83 505 294 557 ptionibus,
326 511 367 543 ut
396 510 495 551 ante,
522 505 563 543 in
583 505 766 544 stationes
789 504 972 551 hostium,
999 504 1064 543 sed
1089 504 1261 554 dispositi
1283 516 1353 555 per
1373 516 1510 544 muros

82 567 120 600 et
147 567 274 600 turres
306 573 351 599 ex
385 567 465 600 tuto
497 573 574 612 put³
555 561 732 600 mabam.

193 617 269 656 Pei
270 630 360 656 sens
390 617 455 656 ubi
478 618 612 656 adesse
632 619 788 656 Aetolos
811 616 968 663 audivit,
1001 617 1142 655 omissa
1164 616 1366 656 obsidione
1387 616 1509 663 urbis,
1530 621 1560 662 7

81 684 199 724 quam
220 674 480 737 oppugnabat,
503 674 759 724 depopulatus
783 679 930 712 mutum
951 685 1065 723 agros
1086 673 1352 724 Amphilochia
1372 686 1509 713 exces-

82 730 131 768 sit
160 736 274 781 atque
304 731 345 769 111
371 731 635 769 Macedonum
667 730 775 769 1edit.
818 736 854 768 et
876 729 1030 768 Aetolos
1060 730 1150 768 inde
1179 730 1354 768 avocavit
1377 742 1508 780 popu·
1527 735 1548 768 2

78 786 168 825 latio
201 787 428 826 maritumae
460 799 561 826 orae.
591 787 805 832 Pleuratus,
833 786 1055 836 lllyriorum
1080 799 1160 833 rex,
1191 799 1280 825 cum
1313 787 1509 837 sexaginta

79 843 217 882 lembis
249 844 495 882 Corinthium
525 843 655 882 sinum
695 843 870 881 invectus
901 842 1091 881 adiunctis
1122 843 1366 881 Achaeorum
1409 855 1508 893 quae

82 899 206 939 Patris
238 907 347 939 eraut
366 900 528 939 navibus
552 899 756 938 marituma
777 898 945 937 Aetoliae
967 898 1147 938 vastabat.
1189 900 1377 938 adversus
1408 911 1508 950 quos
1528 907 1548 940 3

83 956 186 995 mille
198 956 320 995 Aetoli
344 957 462 1003 missi,
484 968 732 1007 quacumque
755 968 796 994 se
815 955 945 994 classis
966 955 1243 1006 circumegerat
1265 968 1335 1006 per
1348 956 1509 995 litorum

80 1014 304 1059 amfractus,
333 1012 578 1051 brevioribus
605 1012 750 1050 semitis
777 1011 1043 1050 occurrebant.
1092 1019 1128 1051 et
1151 1012 1317 1051 Romani
1337 1012 1384 1051 ad
1410 1013 1508 1051 Am-
1527 1018 1548 1050 4

80 1068 250 1108 braciam
290 1069 467 1120 pluribus
508 1069 601 1107 locis
638 1068 847 1119 quatiendo
889 1068 1071 1108 arietibus
1099 1081 1235 1108 muros
1267 1069 1507 1119 aliquantum

81 1125 189 1164 urbis
221 1126 472 1172 nudaverant,
502 1137 573 1164 uec
594 1132 721 1164 tamen
746 1131 946 1175 penetrare
969 1125 1008 1163 in
1034 1125 1171 1164 urbem
1190 1131 1388 1176 poterant:
1417 1137 1507 1164 nam
1527 1132 1547 1164 5

81 1187 118 1220 et
147 1182 229 1232 pari
256 1182 446 1221 celeritate
477 1194 603 1220 novus
626 1193 698 1232 pro
719 1181 847 1220 diruto
871 1194 1008 1220 murus
1033 1181 1281 1229 obiciebatur,
1312 1188 1349 1220 et
1373 1182 1510 1221 armati

78 1238 498 1289 ruinis.snperstantes
523 1239 644 1277 instar
675 1238 908 1276 munimenti
940 1245 1059 1277 erant.
1106 1239 1233 1289 itaque
1264 1251 1354 1278 cum
1376 1245 1507 1289 aperta
1526 1241 1547 1274 6

79 1295 116 1332 vi
138 1307 276 1346 parum
297 1295 525 1346 procederet
548 1295 699 1333 consuli
721 1307 795 1341 res,
820 1295 1043 1333 cuniculum
1067 1296 1263 1334 occultum
1288 1295 1408 1334 vineis
1420 1301 1507 1334 ante

81 1357 259 1390 contecto
288 1352 375 1390 loco
397 1364 508 1402 agere
528 1351 712 1397 instituit,
745 1357 781 1390 et
799 1351 1048 1401 aliquamdiu,
1077 1363 1167 1390 cum
1190 1352 1271 1390 dies
1294 1358 1508 1402 noctesque

80 1407 272 1459 inopere
299 1414 448 1453 essent,
487 1420 568 1445 non
600 1408 727 1446 solum
758 1407 830 1446 sub
858 1413 959 1446 terra
990 1408 1179 1447 fodientes
1208 1408 1276 1446 sed
1307 1413 1508 1459 egerentes

80 1464 194 1503 etiam
226 1465 392 1503 humum
415 1465 584 1503 fefellere
607 1464 771 1503 hostem.
803 1464 982 1503 cumulus
1005 1471 1163 1515 repente
1185 1470 1309 1503 terrae
1332 1465 1508 1504 eminens
1525 1478 1547 1509 -ι

81 1644 135 1683 36,
162 1644 216 1684 33,
240 1645 272 1676 4.
290 1659 335 1665 -
360 1645 476 1683 quodsi
491 1661 535 1666 —
551 1649 630 1681 erat,
653 1654 679 1674 5.
705 1644 760 1682 25,

81 1690 136 1729 31,
167 1690 217 1722 15.
242 1705 287 1710 —
308 1692 395 1721 intus
421 1700 476 1725 er.,
501 1698 526 1720 s.
556 1690 610 1727 31,
636 1690 690 1727 46,
722 1690 761 1721 14

80 1745 112 1766 u.
146 1744 245 1773 a.,-
270 1736 337 1766 eius
372 1737 474 1766 noetis
503 1733 549 1765 ist
574 1744 610 1765 so
637 1744 760 1765 voran-

81 1779 235 1820 gestellt,
275 1779 325 1811 als
351 1780 390 1811 ob
417 1779 527 1820 folgeu
553 1779 653 1811 sollte
678 1782 759 1812 reli-

81 1836 218 1866 quarum
234 1827 382 1865 noctium,
404 1824 501 1857 dafiir
513 1825 593 1856 aber
611 1825 662 1857 eiu
675 1825 758 1856 wei-

80 1874 174 1902 terer
205 1868 333 1911 Begriff
359 1870 560 1912 eingesetzt.
602 1871 669 1911 vgl.
705 1872 758 1909 28,

83 1917 145 1955 37,
180 1917 218 1955 ὃς
257 1918 318 1950 31,
347 1918 409 1955 45,
439 1918 489 1950 13.
518 1934 557 1939 -—
583 1919 656 1956 sed,
682 1926 760 1948 son-

81 1961 161 1993 dero
188 1972 260 1993 nur.

132 2004 168 2043 ’7.
197 2008 293 2040 1-3.
321 2008 420 2047 urbis,
445 2017 470 2038 s.
496 2017 523 2038 c.
552 2009 583 2047 2,
616 2009 760 2048 lotflu-

81 2063 162 2085 men.
190 2070 230 2074 —
256 2059 284 2084 et
317 2062 378 2083 vor
414 2054 542 2085 Aetolos
574 2053 653 2084 weil
687 2065 761 2085 avo-

82 2100 163 2130 cavit
189 2098 259 2130 dem
287 2097 413 2138 Begriff
433 2098 466 2129 iu
490 2101 616 2131 excessit
625 2110 639 2138 ;
678 2101 761 2131 redit

82 2143 470 2198 eatspricht.——Pleur.,
497 2146 549 2184 33,
577 2146 630 2184 3-1,
657 2146 760 2177 11.-

83 2200 189 2221 smum
213 2192 293 2228 ima,
322 2191 374 2227 35
402 2190 455 2231 39,
482 2192 500 2223 5
528 2201 561 2221 u.
586 2199 615 2221 a
635 2192 760 2222 —Pa-

83 2238 161 2273 tris,
189 2236 250 2269 35
277 2215 329 2267 26.
357 2253 396 2256 -
427 2246 611 2276 quammqu
643 2237 677 2269 1.
705 2238 758 2273 27,

87 2282 117 2313 6
146 2299 190 2302 —
219 2281 475 2322 circumeq,3T‚
510 2282 559 2314 16
583 2283 612 2314 4
634 2293 760 2313 —am-

76 2327 193 2367 fruct,
218 2336 254 2357 so
279 2326 354 2357 dass
380 2325 427 2357 sie
453 2327 536 2357 nach
560 2326 621 2357 den
638 2324 760 2358 Rriim-

84 2381 226 2411 mungeri
262 2371 319 2403 des
357 2370 452 2403 Ulers
487 2371 572 2403 tiele
607 2370 759 2413 Umwege

85 2418 222 2448 macheu
246 2420 378 2448 musste

132 2464 220 2495 4-—7
226 2489 232 2494 .
259 2469 285 2494 ee
310 2465 399 2494 Rom.
425 2461 468 2493 ist
487 2472 549 2493 nur
567 2462 680 2494 locker
700 2473 759 2494 an-

87 2507 589 2550 gekniipit.—aceq21ant.ur.,b
611 2510 640 2542 3
675 2510 702 2544 1,
721 2511 758 2541 4:

86 2555 142 2593 41,
172 2555 222 2594 16,
249 2555 279 2587 9.
295 2556 427 2594 —pari
444 2555 544 2593 celer„
571 2545 654 2585 ohne
673 2554 769 2586 deut-

830 1643 917 1674 liche
942 1643 1146 1684 Beziehung,
1187 1642 1303 1685 Polyb.
1328 1648 1405 1684 sagt
1429 1654 1508 1675 nur:

832 1685 894 1721 διὰ
932 1688 973 1722 τὸ
1017 1689 1101 1726 τοὺς
1146 1688 1256 1722 ἔνδον
1290 1685 1509 1723 ἀντοικοδο-

829 1738 916 1777 ιιιεῖν
940 1736 999 1768 καὶ
1027 1730 1220 1779 μάχεσθαι.
1247 1737 1435 1778 γενναίως.
1463 1753 1510 1758 —

829 1791 948 1822 novus,
977 1781 1045 1821 vgl.
1073 1782 1134 1818 35,
1160 1782 1216 1820 31,
1245 1782 1294 1813 10.
1325 1799 1361 1803 --
1391 1783 1509 1815 instar.

830 1837 932 1861 mem„
961 1827 1025 1866 21,
1062 1829 1100 1865 8,
1129 1828 1168 1868 33
1206 1827 1267 1865 32,
1298 1827 1437 1865 17,13.
1463 1843 1510 1850 -

829 1874 931 1905 cum'c.
956 1874 1083 1912 occuffl,
1111 1872 1172 1911 37,
1203 1872 1254 1909 53,
1284 1872 1313 1905 8.
1350 1873 1509 1903 vineis—-

830 1913 1424 1961 ἰοοο,Ρο111);ἀσᾳα),ισααενοι
1466 1914 1508 1950 τὸ

829 1973 948 2014 μεσω
986 1963 1039 2009 ἔρ)
1043 1975 1096 1995 ’ω
1135 1964 1208 1995 τῶι
1241 1963 1352 2014 τριῶν
1379 1983 1417 1987 -
1444 1963 1507 1996 καὶ

830 2004 1081 2045 σκεπάσαντες
1100 2008 1283 2052 ἐπιμελῶς
1299 2005 1365 2049 τὴν
1379 2004 1422 2041 σι’
1426 2019 1507 2054 ριγ-

830 2065 878 2097 ya
926 2057 1003 2091 τοῖς
1054 2055 1199 2099 γἐροοις
1250 2049 1507 2097 προεβάλοντο

831 2109 944 2132 στοαι
966 2101 1132 2139 (porticum
1159 2098 1251 2129 Caes.
1277 2099 1309 2130 B.
1337 2098 1371 2132 C
1401 2099 1441 2139 2,
1468 2098 1507 2141 2)

830 2141 1072 2196 παράλληὶμοι
1089 2157 1137 2188 τῳ
1156 2147 1277 2195 τειχει
1289 2144 1422 2186 σχεὸοτ
1443 2144 1504 2178 ἐπὶ

832 2180 900 2223 δύο
923 2192 1081 2241 nje'imf
1107 2192 1164 2222 καὶ
1188 2185 1362 2231 λαθόντες
1390 2187 1507 2235 ἀρχὴν

831 2236 870 2268 ἐκ
886 2232 1019 2277 ταύτης
1044 2231 1216 2280 n'iovrroz.
1237 2253 1277 2257 —
1303 2247 1366 2267 non
1389 2253 1430 2257 —
1447 2237 1509 2278 fo-

830 2284 957 2321 deantes,
985 2268 1100 2312 Polvb
1126 2284 1202 2321 sug-t
1227 2277 1507 2314 11111.ἒλα’νθα-

830 2337 897 2359 νο)
922 2323 1007 2363 Τοὺς
1034 2326 1142 2359 ἔνὸω
1142 2337 1338 2377 ᾳεοοιτες
1356 2326 1419 2365 ἔξω
1439 2323 1506 2360 Τὸν

825 2373 922 2416 χοῦι
940 2369 1002 2404 διὰ
1021 2372 1082 2413 τῆς
1108 2367 1292 2416 σι’-ριῃἭος
1312 2382 1381 2403 11115
1405 2371 1505 2404 allein

830 2419 884 2449 1111
917 2418 974 2449 das
999 2416 1092 2457 Folg.
1118 2427 1182 2448 von
1210 2417 1400 2458 Bedcutung
1423 2428 1506 2450 war.

833 2465 1019 2505 -Ῐοιίίεηῐ,
1035 2464 1169 2505 —fef.‚
1194 2473 1219 2494 5
1248 2464 1278 2503 8,
1305 2464 1358 2501 20,
1389 2466 1427 2506 5,
1452 2464 1506 2504 21,

833 2511 892 2542 57.
931 2510 950 2541 6
977 2519 1004 2540 11.
1031 2518 1060 2540 a.
1086 2526 1128 2530 -—-
1152 2510 1284 2548 σιωπαί,
1310 2508 1367 2540 das
1394 2508 1508 2551 Asyn-

836 2554 933 2586 deton
968 2554 1045 2586 hebt
1073 2554 1134 2585 den
1160 2552 1357 2595 Gegensatz.
1383 2570 1428 2577 —
1452 2557 1509 2587 in-

1208 2607 1276 2643 18*
