1747 2841
79 127 107 147 a.
127 119 178 146 011.
201 120 259 146 1⁹1.
500 119 625 153 Lissssa
649 119 813 153 xxxvl.
838 118 931 153 CAP.
951 121 1004 154 23.
1030 121 1083 154 24.
1425 120 1501 162 127

84 224 194 264 ribus
219 230 491 274 erumperetur
513 224 552 262 in
574 223 726 262 hostem
749 223 855 269 locis,
879 223 1078 262 faciebant.
1110 222 1185 260 hoc
1208 223 1504 272 primisdiebus,
1524 230 1546 261 4

86 281 181 320 dum
211 281 382 331 integrae
411 280 512 319 vires
545 286 665 325 erant,
693 287 727 318 et
761 282 985 330 frequentes
1008 285 1044 318 et
1065 279 1216 329 inpigre
1239 281 1433 325 fecerunt,
1464 281 1504 318 in

85 337 167 376 dies
188 337 327 376 deinde
349 337 552 387 pauciores
573 342 610 374 et
629 336 798 387 segnius.
845 336 985 375 etenim
1007 348 1097 374 cum
1119 335 1249 374 multis
1272 343 1504 386 urgerentur
1525 336 1543 367 5

83 393 215 439 rebus,
245 393 349 431 nulla
375 406 443 432 eos
474 405 535 431 res
567 404 689 443 aeque
717 405 761 431 ac
791 393 936 443 vigiliae
964 391 1228 437 conficiebant,
1258 392 1444 431 Romanis
1464 393 1503 431 iu

83 461 220 501 magna
251 449 359 500 copia
390 449 555 488 militum
587 449 884 488 succedentibus
915 449 994 487 aliis
1025 448 1064 486 in
1097 449 1299 487 stationem
1326 449 1504 495 aliorum,

83 506 240 545 Aetolos
271 512 432 557 propter
463 506 693 556 paucitatem
726 506 883 544 eosdem
916 505 996 544 dios
1020 512 1232 555 noctesque
1265 505 1426 544 adsiduo
1448 506 1504 544 la-

79 562 176 601 bore
207 568 355 601 urente.
404 575 474 613 per
505 569 688 613 quattuor
716 569 752 601 et
774 561 906 612 viginti
928 561 1020 606 dies,
1047 561 1094 599 ita
1119 569 1159 599 ut
1179 561 1328 599 nullum
1351 568 1504 612 tempus
1523 567 1542 598 6

81 630 249 658 vacuum
276 618 524 658 dimicatione
556 625 677 664 esset,
708 618 894 657 adversus
925 625 1108 669 quattuor
1139 631 1158 656 e
1189 617 1361 668 partibus
1389 619 1505 658 simul

81 681 374 726 oppugnantem
416 675 566 714 hostem
598 681 815 714 nocturnus
845 675 986 713 diurno
1019 674 1266 713 continuatus
1296 674 1405 713 labor
1435 681 1503 714 est.

81 743 171 770 cum
203 731 378 782 fatigatos
399 732 473 771 iam
494 732 651 771 Aetolos
674 731 789 770 sciret
806 731 943 769 consul
964 737 1000 770 et
1020 743 1065 769 ex
1087 730 1236 769 ratione
1259 731 1444 781 temporis
1467 738 1504 770 et
1523 739 1542 770 7

81 788 186 838 quod
206 788 257 827 ita
279 790 501 840 transfugae
521 788 786 834 adfirmabant,
808 788 878 826 tale
905 788 1109 826 consilium
1132 787 1212 826 init.
1243 787 1368 826 media
1390 794 1502 827 nocte
1522 797 1542 830 8

78 845 251 895 receptui
280 845 435 896 signum
465 845 569 884 dedit
590 851 626 883 et
651 844 697 883 ab
728 844 1017 895 oppugnatione
1048 844 1164 882 simul
1194 844 1332 882 milites
1364 856 1501 883 omnes

79 901 266 940 deductos
297 913 421 952 usque
452 902 497 940 ad
529 902 676 940 tertiam
702 901 776 939 diei
801 900 937 940 horam
967 900 1117 951 quietos
1139 900 1179 938 in
1203 901 1335 939 castris
1357 901 1501 947 tenuit,

77 957 168 996 inde
200 965 334 1009 coepta
367 958 604 1009 oppugnatio
627 957 673 996 ad
698 957 864 996 mediam
886 970 1024 996 rursus
1050 963 1205 996 noctem
1227 957 1412 1007 perducta
1432 964 1502 1004 est,
1520 966 1540 998 9

76 1014 301 1053 intermissa
320 1014 458 1053 deinde
479 1026 604 1065 usque
626 1014 671 1052 ad
695 1014 845 1052 tertiam
867 1014 941 1053 diei
964 1014 1113 1052 horam.
1157 1013 1419 1064 fatigationem
1432 1014 1501 1053 rati
1523 1022 1563 1054 10

76 1083 160 1109 esse
192 1082 345 1110 causam
377 1070 499 1109 Aetoli
531 1083 611 1108 non
641 1070 928 1109 continuandae
960 1070 1286 1121 oppugnationis,
1334 1082 1433 1120 quae
1465 1077 1502 1110 et

75 1127 184 1176 ipsos
204 1127 409 1172 adfecerat,
432 1127 496 1165 ubi
517 1128 703 1166 Romanis
736 1127 867 1165 datum
890 1127 1063 1178 receptui
1085 1127 1239 1178 signum
1260 1134 1372 1170 esset,
1396 1128 1498 1166 velut

75 1183 149 1233 ipsi
176 1195 333 1234 quoque
361 1184 528 1222 revocati
555 1196 627 1234 pro
655 1197 696 1223 se
732 1184 898 1234 quisque
925 1196 970 1222 ex
1001 1182 1229 1222 stationibus
1251 1183 1500 1230 decedebant,

75 1251 148 1278 nec
168 1246 256 1278 ante
277 1240 426 1279 tertiam
450 1240 523 1279 diei
543 1241 680 1279 horam
705 1241 840 1279 armati
859 1241 899 1278 in
919 1241 1042 1279 muris
1064 1239 1310 1291 apparebant.
1353 1240 1498 1279 Consul
1519 1243 1583 1284 24

77 1308 167 1335 cum
202 1303 317 1335 nocte
359 1297 482 1335 media
511 1297 783 1335 intermisisset
813 1297 1167 1347 oppugnationem,
1213 1304 1345 1347 quarta
1375 1297 1499 1348 vigilia

75 1365 214 1391 rursus
236 1353 282 1391 ah
305 1352 430 1392 tribus
450 1353 624 1404 partibus
637 1366 790 1392 summa
803 1354 837 1391 vi
849 1354 1067 1404 adgressus,
1091 1353 1497 1404 abunaTi.Se111p1·o-
1518 1365 1537 1396 2

76 1409 186 1448 nium
217 1416 349 1448 tenere
379 1410 549 1448 intentos
578 1410 715 1448 milites
747 1410 982 1461 signumque
1011 1415 1255 1461 expectantes
1283 1410 1405 1455 iussit,
1450 1411 1497 1449 ad

77 1478 118 1504 ea
143 1465 183 1504 in
215 1473 410 1505 nocturno
440 1466 622 1512 tumultu,
653 1466 758 1505 unde
790 1467 935 1505 clamor
959 1466 1217 1512 exaudiretur,
1248 1467 1350 1505 haud
1382 1466 1498 1506 dubie

74 1528 180 1561 ratus
210 1522 331 1560 hostis
363 1534 639 1561 concursuros.
699 1523 822 1561 Aetoli
851 1536 939 1573 pars
973 1523 1086 1573 sopiti
1116 1523 1263 1561 adfecta
1294 1522 1425 1562 labore
1455 1536 1499 1562 ac
1519 1540 1539 1573 3

74 1578 210 1629 vigiliis
241 1590 406 1629 corpora
438 1591 484 1617 ex
505 1592 646 1618 somno
679 1579 949 1624 moliebantur,
970 1592 1060 1630 pars
1086 1580 1280 1630 vigilantes
1302 1580 1429 1619 adhuc
1450 1580 1496 1619 ad

76 1690 176 1722 deren
199 1689 408 1731 angelegten,
438 1689 505 1731 vgl.
532 1688 552 1731 ξ
581 1692 621 1723 10
639 1697 666 1723 et
690 1694 749 1731 ips.

75 1753 118 1758 ——
150 1738 214 1776 ipse?
242 1747 364 1777 quoque
407 1754 450 1758 —
484 1748 639 1776 erunzper.
675 1741 749 1768 ent-

74 1781 147 1813 hiilt
181 1781 241 1813 den
274 1781 401 1822 Begriff
430 1781 486 1813 des
515 1780 679 1814 h'o'nnens.
704 1800 749 1804 —

820 1691 892 1732 geli.
926 1709 970 1713 —-
996 1693 1163 1732 perducta,
1199 1692 1255 1736 38,
1293 1693 1346 1732 50,
1386 1693 1413 1725 1.
1453 1709 1496 1715 -—

819 1739 874 1768 ubi
899 1755 943 1759 —
971 1744 1057 1771 esset.
1091 1739 1146 1776 35,
1180 1738 1234 1776 28,
1270 1739 1299 1770 2.
1334 1755 1378 1760 -
1400 1740 1495 1778 velut,

819 1782 884 1814 wie
921 1781 969 1814 oft
999 1783 1058 1814 mit
1096 1783 1167 1814 dem
1192 1783 1322 1824 partic„
1349 1784 1404 1822 35,
1440 1784 1494 1823 35,

63 1828 155 1868 freq.
181 1834 208 1859 et
235 1829 301 1866 inp.
328 1838 348 1858 u
376 1838 471 1866 pauc.
497 1835 525 1860 et
557 1831 694 1869 seynz'ns,
723 1839 749 1861 s,

75 1874 106 1911 2,
136 1874 188 1906 30.
219 1874 276 1906 11:
305 1874 357 1913 21,
383 1874 413 1907 S.
440 1875 478 1913 93
504 1874 558 1907 27,
589 1875 639 1911 12,
674 1876 722 1907 15.

120 1920 243 1952 5-1o,
277 1930 356 1958 cum,
393 1928 489 1950 wenn
527 1919 637 1958 sehon,
665 1919 751 1951 liisst

72 1970 138 1995 mm
184 1963 263 1995 oder
302 1971 403 1996 tamen
439 1968 625 1996 erwarten.
665 1966 749 1997 ohne

72 2009 163 2041 diese
187 2007 335 2041 Partikel
362 2010 440 2041 tritt
474 2010 532 2042 der
563 2009 750 2052 Gegensatz

73 2052 225 2086 sch'zirser
255 2055 390 2094 hervor,
421 2065 447 2087 s,
481 2066 508 2088 c.
549 2057 600 2096 19,
631 2057 682 2089 10.
705 2074 748 2079 —

70 2103 157 2142 viqz'l.
198 2101 253 2140 22,
288 2102 317 2141 2,
352 2103 382 2134 7.
414 2119 457 2123 —
490 2103 583 2134 rebus
619 2120 663 2125 —
686 2113 748 2141 res,

72 2147 126 2185 29,
164 2147 194 2187 6,
234 2147 272 2186 23
317 2147 346 2184 3,
380 2147 433 2187 38,
474 2149 525 2181 11.
558 2165 602 2170 —
626 2154 748 2187 urente,

71 2195 163 2223 sonst
194 2192 288 2223 mehr
319 2202 383 2223 von
420 2190 535 2234 Rrieg,
560 2192 637 2225 Pest
659 2205 692 2226 u.
717 2194 748 2225 ἓ.

71 2236 264 2278 gebraucht.
291 2247 319 2269 c.
346 2238 399 2277 31,
424 2241 461 2275 5:
491 2241 541 2279 10,
571 2241 624 2276 17,
654 2241 687 2279 13
705 2238 747 2270 ib.

71 2285 126 2324 47,
160 2284 198 2323 63
234 2284 288 2321 32,
323 2285 377 2324 21,
420 2285 472 2316 27.
497 2301 541 2307 —
567 2287 685 2317 diurno
711 2297 750 2326 c.‚

74 2330 105 2368 2,
137 2331 190 2369 54,
219 2330 256 2361 2:
274 2332 353 2369 paci
383 2332 589 2362 continuatur
614 2348 658 2353 -
684 2333 749 2362 dis-

69 2377 187 2406 cordia.
215 2392 260 2397 —-
284 2385 321 2407 ex
343 2382 414 2415 rat„
443 2375 494 2407 die
519 2375 655 2408 meisten
675 2375 746 2408 Hss.

69 2420 175 2452 haben
200 2424 420 2460 expectatione,
449 2431 485 2451 so
510 2421 585 2453 dass
610 2422 693 2453 auch
712 2433 749 2454 ex

69 2469 302 2506 comparatione
333 2466 517 2498 νει-(10111011
554 2466 623 2498 sein
649 2467 747 2499 kann.

69 2529 113 2533 —
140 2515 210 2549 tale,
237 2522 262 2543 S.
289 2513 343 2545 35.
371 2513 424 2546 38,
452 2514 482 2545 2.
509 2530 553 2536 --
576 2516 672 2545 simul
688 2523 746 2553 ge-

67 2557 146 2588 hiirt
178 2567 218 2589 zu
254 2569 368 2598 omnes,
398 2556 419 2599 ξ
453 2560 472 2590 6
500 2568 571 2589 zum
597 2558 626 2590 V
631 2559 747 2590 orher-

823 1830 881 1861 14:
917 1830 970 1867 26,
1006 1830 1059 1869 37,
1094 1832 1112 1862 5
1142 1839 1172 1860 u.
1202 1839 1226 1860 s.
1254 1838 1308 1871 W.‚
1346 1828 1499 1861 Hiihnast

865 1916 933 1955 24.
969 1921 1069 1952 2—-5.
1102 1922 1312 1959 intermisi-98„
1341 1930 1399 1951 aus
1424 1920 1496 1952 dem

819 1964 1039 2006 Vorhergeh.,
1056 1965 1123 2006 vgl.
1143 1965 1227 1996 auch
1246 1966 1304 1997 das
1321 1964 1399 2006 folg.
1419 1977 1496 1997 rm·—

818 2022 883 2048 secs,
902 2011 981 2052 geht
998 2011 1098 2042 sehon
1114 2011 1246 2045 hervor,
1274 2011 1349 2043 dass
1375 2021 1410 2043 es
1437 2011 1496 2043 be-

817 2056 898 2088 reits
934 2056 1110 2088 mehrmals
1145 2057 1329 2097 geschehen
1365 2056 1418 2095 ist,
1459 2067 1496 2088 so

818 2101 892 2133 dass
917 2102 1023 2134 dieses
1052 2102 1143 2134 nicht
1163 2102 1340 2134 besonders
1368 2112 1408 2133 zu
1435 2101 1495 2134 be—

817 2147 950 2179 met-ken
988 2158 1068 2179 war.
1101 2166 1145 2171 —-
1181 2149 1219 2180 ab
1256 2159 1334 2188 una,
1368 2147 1400 2178 in
1432 2148 1492 2179 den

818 2192 956 2225 meisten
978 2193 1049 2225 Hss.
1069 2191 1153 2225 fehlt
1171 2195 1219 2233 ab,
1239 2203 1264 2224 c.
1284 2195 1314 2233 9,
1335 2194 1364 2226 9.
1392 2200 1496 2226 tenere

815 2245 941 2278 expect„
982 2238 1003 2280 ξ
1046 2242 1083 2277 53
1124 2240 1177 2279 22,
1232 2241 1281 2277 17,
1338 2240 1375 2272 6:
1414 2250 1495 2271 neu-

819 2291 884 2316 tros
909 2303 951 2306 —
989 2287 1174 2325 incipientes
1205 2287 1314 2324 tenuit,
1350 2285 1402 2316 die
1431 2284 1493 2316 Mz.

817 2329 870 2361 Hs.
917 2331 976 2361 hat
1018 2337 1185 2370 expectare.
1225 2346 1266 2352 ——
1305 2332 1349 2361 ad
1378 2341 1413 2363 ea
1450 2330 1494 2361 ist

818 2385 933 2416 wegen
964 2379 1047 2408 unde
1077 2375 1162 2407 local
1198 2386 1237 2407 zu
1275 2377 1420 2408 nehmen.
1449 2394 1493 2398 —

816 2423 904 2453 hand
936 2423 1017 2457 dub„
1053 2421 1118 2462 vgl.
1157 2422 1210 2461 35,
1248 2423 1299 2461 14,
1340 2423 1398 2456 10:
1431 2421 1493 2452 da-

816 2476 919 2508 gegeu
958 2477 984 2498 c.
1021 2468 1074 2507 25,
1109 2469 1147 2500 6:
1179 2469 1268 2499 haud
1297 2469 1421 2499 dubius.
1449 2485 1493 2490 —

808 2523 891 2552 pars
914 2524 989 2551 sop..
1019 2523 1043 2545 s,
1070 2514 1123 2546 25.
1151 2514 1204 2553 24,
1239 2514 1268 2545 2.
1296 2530 1338 2535 —
1363 2514 1492 2553 molieb„

816 2568 877 2590 nur
901 2558 961 2590 mit
985 2558 1081 2590 Miihe
1106 2570 1136 2590 u.
1157 2569 1182 2590 s.
1201 2569 1255 2598 w„
1282 2560 1336 2599 37,
1366 2560 1417 2599 11,
1442 2559 1492 2592 12.
