1747 2841
187 131 270 175 356

623 129 749 164 LIBER
772 129 968 164 XXXVIII.
994 129 1087 163 CAP.
1111 132 1167 166 46.

1458 137 1484 157 a.
1503 137 1531 156 u.
1553 128 1614 157 567.

150 238 169 270 7
189 235 320 287 fugati,
341 234 445 274 exuti
467 234 755 286 impedimentis
775 245 924 273 sumus.
954 233 1000 282 Q.
1019 233 1213 274 Minucius
1233 233 1441 281 Thermus,
1463 233 1505 274 in
1535 245 1614 285 quo

190 291 293 331 haud
314 292 429 343 paulo
450 290 536 342 plus
560 291 691 330 damni
712 293 857 330 factum
880 296 948 338 est,
969 301 1086 341 quam
1106 291 1139 330 si
1152 291 1220 331 Cn.
1235 291 1410 338 Manlius,
1423 291 1534 330 cuius
1557 296 1615 330 te-

190 348 365 388 meritate
393 360 436 387 ea
466 347 591 387 clades
620 347 818 395 inciderat,
846 347 1020 399 perisset,
1052 359 1143 386 cum
1167 348 1297 387 multis
1328 347 1419 386 viris
1449 346 1616 387 fortibus
1649 363 1654 366 ·

151 411 171 445 8
192 405 348 451 cecidit3
369 404 562 444 exercitus
581 405 702 456 spolia
722 404 822 455 regis
843 404 1025 443 Antiochi
1043 405 1219 443 referens
1243 405 1429 444 trifariam
1449 404 1616 455 dissipa-

188 467 264 510 tus,
297 461 385 501 alibi
414 462 599 513 primum,
627 461 714 500 alibi
744 466 988 512 postremum
1018 472 1170 511 agmen,
1207 461 1295 500 alibi
1324 461 1616 512 impedimenta,

150 523 171 556 9
189 519 290 558 inter
319 530 456 570 vepres
486 518 527 556 in
555 517 709 556 latebris
741 520 914 556 ferarum
943 523 1100 556 noctem
1120 529 1240 556 unam
1261 517 1418 557 delituit.
1460 529 1532 569 pro
1556 517 1616 571 his

191 575 413 626 triumphus
435 572 609 626 petitur?
635 575 668 613 si
687 574 782 613 nihil
804 574 845 612 in
865 574 1028 613 Thracia
1048 573 1164 613 cladis
1179 574 1493 625 ignominiaeque
1516 576 1619 614 foret

189 637 405 683 acceptum,
428 631 475 670 de
497 631 641 682 quibus
662 630 839 670 hostibus
854 630 1100 682 triumphum
1114 629 1298 682 peteres?
1321 631 1368 670 de
1386 631 1444 679 iis,
1466 636 1511 670 ut
1530 631 1617 683 opi-

131 693 172 728 10
191 701 280 735 nor,
302 700 403 739 quos
423 687 492 727 tibi
511 688 640 727 hostes
661 693 819 727 senatus
841 692 907 726 aut
928 687 1099 739 populus
1121 688 1323 727 Romanus
1345 687 1524 727 dedisset.
1563 688 1619 727 sic

190 745 282 784 huic
303 745 346 783 L.
367 745 551 796 Scipioni,
581 745 638 784 sic
667 745 720 784 illi
740 745 802 784 Μ’.
830 743 950 783 Acilio
983 744 1031 783 de
1060 756 1150 795 rege
1180 744 1387 791 Antiocho,
1417 744 1473 783 sic
1502 745 1617 795 paulo

189 808 278 841 ante
299 801 342 841 T.
366 801 547 849 Quinctio
579 801 626 840 de
656 814 746 853 rege
765 801 959 852 Philippo,
981 801 1037 840 sio
1057 800 1099 839 P.
1123 801 1307 840 Africano
1335 801 1383 840 de
1403 800 1618 841 Hannibale

131 860 170 894 11
190 864 228 898 et
247 858 390 898 Poenis
414 865 450 897 et
469 858 646 910 Syphace
666 858 889 909 triumphus
913 857 1034 897 datus.
1084 862 1122 896 et
1151 857 1311 897 minima
1332 857 1406 905 illa,
1429 870 1521 897 cum
1542 857 1617 897 iam

189 921 347 955 senatus
369 915 585 955 censuisset
604 915 761 962 bellum,
794 914 963 966 quaesita
984 920 1114 953 tamen
1136 920 1238 962 sunt,
1266 914 1408 966 quibus
1430 915 1618 954 nuntian-

190 972 286 1011 dum
317 978 437 1012 esset:
466 972 559 1023 ipsis
590 972 724 1022 utique
754 971 911 1023 regibus
942 971 1200 1019 nuntiaretur,
1229 984 1278 1010 an
1317 971 1408 1011 satis
1439 977 1540 1011 esset
1571 971 1620 1011 ad

131 1036 172 1071 12
191 1028 429 1080 praesidium
460 1028 616 1079 aliquod
648 1029 830 1067 nuntiari.
881 1028 995 1067 vultis
1026 1040 1118 1079 ergo
1146 1029 1241 1067 haec
1273 1028 1405 1068 omnia
1435 1028 1556 1080 pollui
1583 1033 1621 1068 et

191 1085 395 1132 confundi,
425 1085 506 1124 tolli
527 1085 668 1124 fetialia
689 1085 785 1132 iura,
811 1084 939 1132 nullos
968 1097 1053 1124 esse
1076 1083 1253 1124 fetiales?
1282 1085 1357 1133 fiat,
1387 1097 1480 1137 pace
1501 1085 1620 1124 deum

191 1142 368 1189 dixerim,
387 1142 533 1181 iactura
554 1142 773 1193 religionis,
795 1141 936 1180 oblivio
963 1141 1129 1180 deorum
1151 1142 1273 1192 capiat
1294 1147 1450 1193 pectora
1472 1148 1619 1181 vestra:

127 1202 172 1236 13
191 1211 287 1238 num
310 1205 487 1238 senatum
510 1211 670 1250 quoque
691 1198 738 1237 de
762 1198 861 1237 bello
885 1198 1037 1237 consuli
1055 1210 1137 1237 non
1158 1197 1307 1249 placet?
1327 1211 1408 1237 non
1425 1198 1471 1237 ad
1487 1211 1618 1250 popu-

131 1259 173 1292 14
190 1256 273 1295 lum
296 1256 400 1303 ferri,
421 1255 539 1295 velint
556 1255 766 1294 iubeantne
793 1267 884 1294 cum
914 1255 1028 1294 Gallis
1058 1254 1202 1294 bellum
1223 1253 1335 1306 geri‘.>
1365 1255 1484 1295 modo
1516 1260 1620 1294 certe

191 1313 372 1352 consules
392 1312 590 1352 Graeciam
613 1318 728 1363 atque
749 1312 880 1351 Asiam
901 1311 1102 1359 volebant,
1124 1317 1254 1351 tamen
1276 1311 1616 1363 perseverantibus

131 1371 171 1405 15
190 1369 301 1409 vobis
321 1369 483 1421 Ligures
498 1369 740 1420 provinciam
756 1369 966 1408 decernere
986 1368 1087 1407 dicto
1110 1369 1310 1409 audientes
1327 1370 1499 1408 fuerunt.
1532 1381 1617 1408 ine-

189 1426 263 1466 rito
287 1438 378 1477 ergo
400 1439 421 1465 a
443 1426 552 1465 vohis
576 1438 765 1477 prospere
785 1425 887 1466 bello
912 1430 1019 1478 gesto
1040 1425 1288 1477 triumphum
1309 1431 1452 1478 petent,
1474 1425 1616 1477 quibus

189 1482 414 1522 auctoribus
445 1486 683 1535 gesserunt.“

192 1649 393 1694 inf-:monente
423 1651 507 1693 liegt
538 1653 689 1692 monebat,
726 1651 794 1693 vgl.
832 1662 873 1683 zu

198 1699 248 1739 10,
276 1699 331 1739 45,
364 1699 403 1739 33
427 1699 482 1738 28,
507 1699 562 1738 24,
592 1698 623 1730 2.
642 1715 688 1721 -
707 1699 872 1739 Thermus,

192 1753 220 1775 c.
260 1744 315 1783 41,
346 1744 376 1776 3.
410 1761 456 1766 --
494 1745 661 1785 inciderat,
695 1743 871 1784 herbeige-

192 1787 286 1821 ffihrt
310 1799 392 1829 war,
421 1790 523 1821 sehon
556 1789 616 1821 ehe
648 1788 780 1821 Therm.
807 1789 872 1830 fiel,

193 1844 221 1866 c.
246 1836 278 1875 9,
303 1836 340 1875 33
380 1837 434 1875 35,
466 1837 520 1876 40,
558 1836 587 1868 1.
615 1852 658 1858 —-
688 1837 872 1875 dissipatus,

193 1880 260 1921 vgl.
287 1890 315 1913 e.
340 1882 394 1922 40,
431 1880 475 1912 ist
506 1880 637 1912 erkl‘art
669 1880 773 1912 durch
796 1883 875 1913 alibi

193 1944 238 1949 —-
262 1927 342 1958 alibi
359 1930 441 1966 etc.;
468 1928 614 1967 primum
637 1944 683 1949 —
702 1932 802 1966 postr.
828 1944 874 1949 -—

191 1974 349 2012 impede'm.
367 1971 413 2004 ist
429 1971 626 2014 Apposition
649 1982 690 2004 zu
708 1973 873 2013 exereitus,

193 2017 247 2049 die
272 2018 389 2049 dessen
413 2016 531 2049 Theile
555 2017 701 2058 angiebt.

240 2065 363 2097 9—15.
406 2062 561 2096 Schluss:
611 2064 669 2095 der
715 2062 874 2105 Triumph

195 2107 272 2141 darf
295 2109 388 2141 nicht
419 2109 575 2150 gewiihrt
606 2109 751 2150 werden,
783 2109 873 2150 weil,

195 2164 248 2186 wo
269 2154 323 2187 ein
343 2154 537 2187 wirklicher
554 2153 678 2198 Rampf
697 2153 873 2199 stattfand,

197 2200 306 2232 dieser
345 2200 558 2242 ungliicklich
593 2211 685 2242 war,
717 2201 784 2233 und
816 2201 874 2233 der

197 2246 281 2278 ohne
316 2246 492 2278 Antoritat
523 2247 579 2278 des
611 2246 724 2278 Staats
757 2250 874 2278 unter-

196 2302 365 2324 nommene
389 2290 492 2333 Rrieg
523 2291 688 2334 gehilligt,
721 2302 759 2324 so
795 2292 874 2324 aber

197 2337 287 2370 diese
305 2338 372 2369 und
401 2338 458 2370 das
475 2337 682 2370 Fetialrecht
714 2336 875 2379 aufgeho-

196 2382 270 2423 ben,
311 2384 369 2415 der
402 2383 525 2425 Beginn
559 2384 617 2415 der
655 2382 777 2425 Krieg'e
817 2384 875 2416 der

197 2428 349 2461 Willkiir
374 2429 432 2461 der
463 2429 646 2462 Feldherrn
682 2429 873 2462 iiberlassen

197 2474 320 2507 wiirde.
342 2492 386 2497 —
410 2477 541 2508 dedisset
565 2475 624 2507 hat
649 2474 721 2507 sich
747 2485 789 2506 an
814 2475 875 2507 den

195 2519 473 2562 hypothetischen
497 2520 575 2552 Satz
604 2520 876 2561 angeschlossen:

196 2576 274 2599 num
291 2573 413 2607 peteres
439 2569 476 2599 de
501 2569 542 2599 iis
566 2585 610 2589 -—
626 2578 706 2609 quos
733 2569 873 2608 dedisset,

943 1652 984 1684 da
1008 1652 1067 1684 der
1092 1650 1250 1684 Gedanke
1282 1662 1322 1684 zu
1355 1650 1486 1684 Grunde
1517 1651 1618 1693 liegt:

942 1698 984 1729 du
1008 1698 1129 1729 kannst
1152 1697 1244 1730 nicht
1259 1697 1488 1740 triumphiren,
1516 1697 1558 1729 da
1575 1715 1620 1721 —-

944 1743 1034 1775 nicht
1059 1743 1204 1785 gegeben
1229 1743 1298 1784 hat,
1324 1743 1391 1785 vgl.
1425 1745 1478 1784 21,
1510 1745 1562 1782 13,
1591 1745 1619 1778 1.

941 1788 985 1821 Es
1010 1789 1094 1821 wird
1115 1789 1173 1821 das
1198 1799 1224 1821 e.
1252 1791 1307 1829 45,
1342 1791 1360 1822 5
1393 1789 1516 1821 bereits
1552 1787 1619 1822 Ge-

942 1839 1037 1876 sagte
1073 1845 1114 1866 zu
1149 1834 1254 1866 einem
1293 1835 1438 1867 anderen
1476 1834 1619 1868 Zwecke

942 1880 1060 1913 weiter
1084 1879 1291 1922 ausgefiihrt.
1317 1899 1363 1903 —
1389 1882 1524 1914 minima
1551 1882 1618 1922 illa,

943 1926 1009 1958 Cic.
1045 1925 1141 1958 Verr.
1176 1929 1206 1967 5,
1232 1928 1264 1967 6,
1299 1928 1358 1960 14:
1390 1928 1450 1959 illa
1472 1933 1620 1967 extrema,

942 1971 1010 2013 vgl.
1037 1971 1072 2003 L.
1099 1973 1153 2013 36,
1172 1973 1202 2013 3,
1226 1974 1255 2005 7.
1276 1990 1321 1995 --
1337 1974 1432 2005 vultis
1453 1984 1525 2015 erqo
1542 1977 1619 2013 etc„

943 2017 1086 2050 dieselbe
1120 2017 1300 2060 &Vendung
1333 2018 1398 2050 wie
1432 2020 1463 2059 5,
1499 2019 1553 2059 53,
1588 2020 1620 2058 7,

943 2063 1009 2105 vgl.
1036 2064 1066 2104 8,
1094 2064 1148 2104 34,
1182 2064 1265 2107 2ff.;
1291 2065 1323 2105 6,
1348 2066 1403 2104 41,
1431 2065 1467 2098 8:
1492 2067 1622 2097 eludant

942 2120 1037 2142 nunc.
1062 2127 1107 2131 ——
1130 2110 1231 2147 fetial.
1264 2112 1349 2151 iura,
1385 2109 1419 2141 in
1454 2110 1525 2142 dem
1561 2110 1620 2142 das

942 2154 1199 2187 herkommliehe
1231 2155 1454 2188 V'cilkerrecht
1485 2156 1620 2188 euthal-

942 2205 998 2233 ten
1024 2211 1105 2241 war,
1131 2211 1156 2232 s.
1184 2203 1215 2241 9,
1245 2203 1277 2241 9,
1304 2202 1341 2242 33
1368 2200 1434 2235 Cic.
1460 2200 1561 2243 Legg.
1587 2203 1620 2242 2,

943 2248 981 2280 9:
1006 2247 1180 2287 foederum,
1201 2249 1303 2289 pacis,
1329 2249 1530 2290 indutiarmgz
1549 2259 1621 2281 ora-

942 2299 1023 2325 tores
1034 2293 1166 2334 fetiales
1189 2300 1294 2326 sunto.
1318 2311 1364 2315 —
1383 2304 1472 2333 paee,
1505 2294 1537 2335 6,
1563 2294 1619 2334 41,

943 2340 973 2372 9.
999 2356 1043 2360 —
1067 2350 1144 2371 num
1177 2343 1252 2379 etc„
1287 2338 1530 2381 NViderlegung
1562 2339 1619 2371 des

943 2384 987 2415 im
1012 2385 1210 2426 vorhergeh.
1229 2387 1294 2426 fiat
1326 2388 1389 2416 etc.
1425 2385 1620 2426 gemachten

942 2429 1251 2471 Zugest'zindnisses,
1284 2430 1351 2472 vgl-
1386 2432 1416 2471 5,
1451 2432 1484 2471 4,
1517 2432 1548 2464 3.
1575 2448 1620 2453 —

941 2477 1032 2508 modo
1067 2482 1156 2516 certe,
1190 2476 1247 2508 das
1280 2476 1409 2508 werdet
1443 2475 1495 2508 ihr
1528 2475 1620 2507 nicht

943 2521 1075 2562 wollen,
1103 2521 1304 2563 wenigstens
1329 2521 1420 2563 zeigt
1451 2521 1510 2554 das
1536 2521 1619 2553 eben

942 2565 1190 2609 vorgefallene,
1217 2568 1292 2600 dass
1317 2566 1418 2600 Senat
1441 2567 1506 2600 und
1531 2566 1621 2600 Volk
