1747 2841
140 585 200 626 49

217 134 301 175 242

638 133 763 167 LIBER
782 132 959 167 XXXVII.
985 132 1077 165 CAP.
1097 135 1150 168 48.
1166 136 1221 167 49.

1483 139 1509 158 a..
1532 139 1560 158 u.
1578 130 1639 158 565.

219 243 325 289 gatos
337 237 492 276 Aetolos
513 237 553 276 in
577 240 711 276 ‘senatu
736 237 835 275 inter
855 242 980 276 cetera
1000 237 1074 276 hoc
1089 249 1248 288 quoque
1268 237 1526 287 interrogatos
1541 248 1638 283 esse,

220 294 323 333 unde
347 294 546 333 audissent
573 294 827 344 imperatores
839 294 1038 332 Romanos
1059 293 1099 332 in
1119 294 1207 333 Asia
1229 300 1360 345 captos
1381 295 1427 332 ab
1440 293 1632 332 Antiocho

178 355 199 389 ’ἲ
220 363 308 401 rege
341 358 377 389 et
399 351 609 389 exercitum
635 350 803 389 deletum
824 362 930 396 esse3
962 350 1118 389 Aetolos
1142 350 1391 401 respondisse
1411 349 1457 388 ab
1481 349 1562 388 suis
1582 349 1660 388 le·-

221 408 314 458 gatis
338 420 390 454 se,
413 407 478 457 qni
503 419 593 445 cum
618 407 777 445 consule
798 407 954 453 fuerint,
976 407 1158 445 certiores
1179 408 1311 445 factos.
1331 406 1502 445 rumoris
1523 406 1640 445 huius

220 464 309 515 quia
337 463 535 502 neminem
556 464 672 502 alium
704 469 904 501 auctorem
934 463 1068 510 habeo,
1100 475 1227 514 neque
1251 464 1449 502 adfirmata
1470 475 1533 502 res
1555 474 1640 501 mea

220 520 405 571 opinione
427 520 474 559 sit
494 532 565 558 nec
586 532 657 571 pro
680 532 777 558 vana
798 520 1080 570 praetermissa.

333 576 456 615 Aetoli
478 576 588 627 legati
610 578 651 615 in
673 582 851 615 senatum
870 576 1093 622 introducti,
1122 589 1211 614 cum
1232 582 1268 615 et
1290 589 1404 615 causa
1426 589 1492 615 eos
1513 588 1583 615 sua
1603 580 1641 614 et

221 635 379 671 fortuna
406 633 646 679 hortaretur,
680 640 721 672 ut
750 633 973 671 confitendo
998 646 1066 672 sen
1089 634 1223 683 culpae
1249 646 1318 671 seu
1339 633 1464 672 errori
1485 632 1639 671 veniam

179 698 199 729 2
220 690 413 740 supplices
444 696 639 740 peterent,
671 690 749 728 orsi
781 702 801 728 a
826 689 1023 728 beneficiis
1055 690 1094 727 in
1127 690 1315 740 populum
1348 691 1569 729 Romanum
1600 695 1638 728 et

218 758 342 797 prope
362 747 641 797 exprobrantes
664 747 845 785 virtutem
867 759 978 785 suam
998 746 1328 797 i11P11ilippibello
1342 752 1379 785 et
1389 746 1640 784 offenderunt

180 806 199 838 3
218 815 331 841 aures
362 803 565 842 insolentia
593 804 786 842 sermonis
816 809 852 842 et
882 816 940 849 eo,
974 810 1099 841 vetera
1120 809 1156 841 et
1176 803 1388 842 oblitterata
1410 802 1634 853 repetendo,

217 872 302 899 rem
324 860 580 906 adduxerunt,
604 867 646 898 ut
664 861 765 898 haud
782 860 895 910 paulo
909 860 1081 910 plurium
1096 860 1373 898 maleficiorum
1386 859 1508 910 gentis
1522 870 1639 910 quam

218 916 499 955 beneficiorum
531 917 717 955 memoria
750 916 897 955 subiret
925 917 1075 954 animos
1102 922 1267 967 patrum,
1297 922 1334 955 et
1355 916 1497 966 quibus
1519 916 1639 954 mise-

178 973 384 1011 41·icordia
415 985 514 1023 opus
537 981 638 1019 erat,
666 974 764 1012 iram
788 980 825 1012 et
845 973 978 1011 odium
1001 973 1205 1012 irritarent.
1245 973 1468 1024 interrogati
1490 972 1536 1011 ab
1559 983 1639 1010 uno

219 1035 408 1073 senatore.v
429 1030 748 1079 permitterentne
771 1030 975 1068 arbitrium
996 1030 1041 1068 de
1063 1043 1103 1068 se
1125 1030 1270 1080 populo
1286 1031 1476 1076 Romano,
1498 1029 1638 1068 deinde

217 1085 264 1124 ab
296 1087 436 1133 altem,
469 1086 687 1124 habiturine
719 1087 877 1125 eosdem
910 1099 1009 1137 quos
1040 1087 1209 1137 populus
1232 1087 1433 1125 Romanus
1455 1086 1582 1125 socios
1603 1092 1640 1124 et

218 1142 339 1181 hostis
371 1151 512 1189 essent,
544 1143 638 1181 nihil
659 1143 705 1181 ad
727 1156 769 1181 ea
790 1143 1072 1193 respondentes
1096 1143 1225 1194 egredi
1250 1144 1392 1194 templo
1417 1143 1512 1181 iussi
1531 1149 1635 1181 sunt.

179 1203 198 1234 5
219 1199 500 1237 conclamatum
540 1199 678 1237 deinde
709 1211 833 1250 prope
863 1200 910 1238 ab
941 1200 1123 1238 universo
1155 1206 1291 1238 senatu
1312 1206 1370 1239 est
1391 1206 1489 1238 totos
1511 1199 1638 1238 adhuc

218 1255 397 1294 Antiochi
410 1256 565 1294 Aetolos
587 1268 671 1294 esse
693 1262 729 1294 et
751 1268 796 1294 ex
819 1257 932 1294 unica
955 1269 997 1294 ea
1017 1268 1085 1306 spe
1110 1256 1280 1306 pendere
1301 1257 1453 1295 animos
1476 1267 1637 1294 eorum:

217 1312 346 1362 itaque
367 1312 512 1350 bellum
533 1325 622 1351 cum
645 1312 746 1350 haud
767 1312 894 1351 dubiis
907 1312 1083 1351 hostibus
1098 1313 1313 1363 gerendum
1325 1312 1637 1364 perdomandos-

178 1380 199 1413 6
220 1381 296 1419 qne
328 1370 477 1407 feroces
510 1369 660 1407 animos
693 1381 789 1407 esse.
832 1369 893 1407 illa
915 1370 1028 1408 etiam
1050 1382 1113 1407 res
1135 1370 1321 1413 accendit,
1356 1370 1462 1421 quod
1485 1381 1529 1407 eo
1552 1369 1637 1419 ipso

218 1432 405 1476 tempore,
437 1438 514 1475 quo
536 1438 671 1476 pacem
693 1425 740 1463 ab
764 1426 948 1464 Romanis
970 1425 1161 1476 petebant,
1184 1426 1367 1476 Dolopiae
1389 1433 1503 1477 atque
1518 1425 1638 1464 Atha-

179 1487 197 1516 7
219 1482 368 1520 maniae
398 1481 544 1520 bellum
571 1482 800 1520 inferebant.

850 1489 1004 1521 senatus
1029 1483 1252 1521 consultum
1273 1483 1314 1521 in
1335 1484 1396 1522 Μ’.
1420 1482 1528 1522 Acilii
1547 1493 1639 1521 sen-

217 1538 388 1585 tentiani,
412 1539 479 1588 qui
492 1539 728 1577 Antiochum
741 1539 975 1590 Aetolosque.
990 1539 1192 1587 devicerat,
1214 1541 1357 1578 factum
1372 1546 1438 1581 est.
1460 1546 1503 1579 ut
1516 1539 1641 1578 Aetoli

218 1609 263 1633 eo
299 1595 358 1633 die
390 1595 619 1633 iuberentur
650 1596 843 1646 proficisci
865 1595 912 1634 ab
939 1595 1034 1635 urbe
1057 1602 1093 1634 et
1112 1596 1211 1634 intra
1235 1597 1416 1647 quintum
1440 1596 1638 1635 decimum

216 1741 308 1771 mehr
336 1740 545 1772 dichteriseh.
571 1759 613 1762 -—
633 1744 774 1772 rumoris
805 1742 895 1773 steht

216 1785 276 1817 mit
292 1784 492 1817 Nachdruck
512 1796 625 1817 voran.
644 1805 686 1808 —
705 1789 830 1827 adfirm.
851 1805 896 1809 -

216 1834 278 1873 sit,
321 1832 368 1863 sie
410 1832 474 1863 soll
516 1831 607 1862 nicht
641 1832 692 1863 als
732 1832 895 1873 bestiitigt

217 1878 404 1918 angesehen
416 1877 559 1915 werden,
571 1877 666 1909 keiue
679 1878 895 1919 Best'atigung

219 1922 370 1954 erhaltcu
413 1923 570 1963 dadurch,
611 1923 685 1954 dass
719 1923 771 1954 ich
806 1927 895 1955 etwa

217 1968 302 1999 mich
316 1966 370 2000 fiir
383 1968 526 2000 dieselbe
537 1968 698 2004 erkliirte,
715 1980 740 2001 s.
751 1968 851 2011 praef.
863 1970 893 2002 6.

264 2033 334 2072 49.
377 2034 636 2068 Gesaudtschaft
661 2037 719 2068 der
746 2036 893 2069 Aetoler.

217 2081 310 2113 Diod.
338 2083 392 2121 29,
425 2084 475 2115 12.

267 2151 362 2183 1—4.
390 2152 501 2181 Aetoli
523 2153 554 2190 L,
581 2150 645 2182 wie
670 2160 697 2181 e.
718 2151 771 2190 48,
802 2152 840 2190 ὃς
868 2162 892 2182 s.

217 2205 243 2225 c.
269 2197 323 2235 40,
350 2196 368 2228 S
398 2197 495 2235 Mysi.
523 2207 553 2227 u.
579 2206 627 2236 a,
663 2195 715 2227 die
741 2195 894 2237 Seudung

217 2239 359 2282 erfolgtc
379 2242 461 2272 nach
481 2242 553 2272 dem
569 2241 892 2274 Waffenstillstande

216 2296 244 2317 c.
271 2288 302 2326 7,
321 2288 358 2325 73
378 2287 436 2318 dcr
455 2285 475 2327 ξ
502 2289 586 2320 1-7
604 2285 680 2328 folg.
700 2287 833 2319 Bericht
848 2288 893 2319 ist

216 2331 283 2363 wol
303 2342 361 2363 aus
384 2331 499 2374 Polyb.
518 2342 717 2373 genommen.
732 2351 774 2355 —
788 2345 892 2372 causa,

217 2388 242 2408 s.
268 2387 294 2408 c.
334 2379 370 2417 1,
404 2379 435 2410 2.
461 2396 506 2400 —
529 2381 638 2418 eulpae
661 2391 687 2410 s.
711 2381 833 2411 errori,
867 2391 891 2411 s.

218 2422 298 2454 iiber
328 2423 389 2454 den
412 2423 514 2455 Dativ
539 2426 571 2456 6,
610 2426 663 2462 23,
705 2426 762 2457 11:
797 2428 896 2458 aetati

216 2479 292 2500 suae
313 2471 437 2501 veniam
455 2476 562 2509 petere
570 2482 584 2508 ;
619 2470 686 2510 vgl.
713 2472 745 2507 7,
773 2471 826 2505 20,
853 2473 890 2504 2:

216 2516 260 2545 ad
277 2517 442 2553 petendam
466 2518 585 2547 ero-oris
612 2519 755 2555 veniam;
781 2515 890 2547 Diod.:

217 2560 289 2592 τῶν
323 2578 365 2582 ——
400 2562 632 2607 πρεσβευτῶν
667 2580 710 2584 —
745 2559 789 2594 τὰ
815 2564 892 2599 τοῖς

963 1742 1144 1777 Αἰτωλοῖς
1173 1742 1291 1779 καλῶς
1318 1741 1410 1787 πρὸς
1442 1740 1526 1779 τοὺς
1554 1739 1638 1776 Ῥω-

963 1800 988 1832 μ
996 1790 1099 1824 (ιιόυς
1117 1789 1335 1832 πραχθέντα
1351 1784 1559 1827 διεξιόντων
1572 1793 1634 1821 etc.

965 1850 1008 1854 ——
1032 1835 1158 1873 virtut„
1195 1834 1257 1874 33,
1293 1835 1330 1872 6,
1356 1836 1395 1873 6ς
1432 1833 1474 1865 11).
1508 1836 1567 1875 11,
1605 1837 1636 1869 8.

963 1897 1006 1900 -—
1031 1881 1067 1910 in
1091 1881 1148 1910 Pla.
1174 1880 1259 1917 bello,
1287 1880 1340 1917 35,
1367 1882 1422 1921 47,
1446 1882 1484 1914 4:
1508 1883 1543 1912 in
1562 1881 1638 1913 bello

962 1926 1149 1963 Lacoozum;
1174 1936 1199 1956 c.
1221 1928 1275 1964 53,
1302 1927 1344 1958 24
1370 1937 1399 1957 u.
1418 1936 1457 1965 a.‚
1490 1926 1638 1967 dagegen

963 1971 1126 2013 c.54,14;
1143 1972 1179 2002 3:
1205 1973 1361 2002 Antiochi
1371 1973 1466 2010 bello:
1491 1972 1544 2011 38,
1566 1973 1597 2014 8,
1618 1974 1637 2005 ’7

963 2026 992 2046 u.
1018 2026 1043 2046 s.
1069 2025 1110 2046 w.
1133 2034 1175 2037 —
1191 2023 1295 2048 vetera
1325 2028 1348 2048 e.
1373 2018 1440 2057 obl„
1474 2018 1504 2057 3,
1532 2019 1585 2058 59,
1605 2018 1636 2050 3.

962 2079 1006 2083 -—
1030 2063 1119 2093 haud
1136 2072 1169 2100 p.
1195 2072 1256 2102 gar
1281 2062 1371 2093 nicht
1386 2062 1507 2104 wenig,
1535 2065 1589 2104 41,
1603 2064 1635 2103 2,

964 2108 993 2139 5.
1019 2125 1062 2129 —
1087 2109 1211 2147 quibus.
1238 2107 1297 2147 sie,
1323 2109 1445 2143 denen:
1476 2109 1638 2140 wiihrend

962 2151 1070 2183 ihnen.
1089 2170 1130 2174 —
1149 2155 1311 2194 inter-roy„
1338 2164 1364 2185 c.
1382 2155 1410 2195 1,
1437 2155 1467 2187 3.
1483 2165 1636 2194 —perm

961 2199 1038 2231 arb..
1066 2199 1119 2235 37,
1154 2201 1183 2231 Τ.
1215 2201 1242 2232 1.
1262 2217 1304 2221 ——
1321 2201 1486 2236 Antiochi,
1513 2201 1635 2240 3:231,

962 2245 1001 2285 43
1039 2245 1100 2283 23,
1139 2246 1198 2285 14,
1233 2247 1268 2278 7:
1302 2247 1420 2285 plebem
1445 2248 1640 2278 Hannibalis

961 2300 1043 2325 εδει,-
1067 2289 1177 2321 Diod.:
1205 2287 1289 2328 τοὺς
1313 2289 1506 2329 Αἰτωλοὺς
1533 2288 1637 2325 ἀντέ-

958 2345 1042 2377 χειν
1086 2338 1164 2373 ταῖς
1209 2336 1301 2369 κατὰ
1346 2334 1409 2369 τὸν
1448 2334 1637 2379 Ἀντίοχον

961 2379 1109 2413 ἐλπίσιν
1130 2378 1340 2426 ἀπράκτους
1355 2379 1569 2416 ἁσπέτειλεν
1586 2384 1639 2420 εἰς

961 2423 1026 2466 τὴν
1051 2423 1222 2460 ιῙῧλλάδα.
1250 2446 1294 2449 -
1317 2439 1342 2459 c.
1369 2430 1458 2460 haud
1480 2430 1509 2460 d.
1537 2430 1580 2469 Ιι.,
1607 2434 1641 2460 ο.’

964 2473 1022 2511 11,
1060 2474 1089 2504 7.
1126 2491 1168 2494 —-
1191 2474 1332 2513 feroces,
1373 2474 1435 2513 38,
1470 2478 1507 2513 9,
1538 2475 1564 2506 1.
1591 2492 1635 2496 -

959 2520 1094 2557 accend„
1125 2518 1266 2559 absolut,
1305 2520 1335 2554 2,
1361 2522 1416 2557 45,
1442 2520 1473 2551 9.
1499 2537 1542 2541 --
1567 2522 1633 2551 Do—

959 2565 1018 2602 lop.
1053 2567 1114 2595 etc.
1140 2564 1237 2596 weist
1269 2563 1328 2596 auf
1360 2565 1418 2596 das
1444 2566 1505 2605 38,
1546 2566 1632 2598 1—3
