<?xml version="1.0" encoding="UTF-8"?>
<!DOCTYPE html PUBLIC "-//W3C//DTD XHTML 1.0 Transitional//EN"
    "http://www.w3.org/TR/xhtml1/DTD/xhtml1-transitional.dtd">
<html xmlns="http://www.w3.org/1999/xhtml" xml:lang="en" lang="en">
 <head>
  <title>
</title>
<meta http-equiv="Content-Type" content="text/html;charset=utf-8" />
  <meta name='ocr-system' content='tesseract 3.04.00' />
  <meta name='ocr-capabilities' content='ocr_page ocr_carea ocr_par ocr_line ocrx_word'/>
</head>
<body>
  <div class='ocr_page' id='page_1' title='image "./aburbeconditalib08livyuoft_0172.png"; bbox 0 0 1747 2841; ppageno 0'>
   <div class='ocr_carea' id='block_1_1' title="bbox 164 146 244 188">
    <p class='ocr_par' dir='ltr' id='par_1_1' title="bbox 164 146 244 188">
     <span class='ocr_line' id='line_1_1' title="bbox 164 146 244 188; baseline 0 0"><span class='ocrx_word' id='word_1_1' title='bbox 164 146 244 188; x_wconf 80' lang='lat'>166</span> 
     </span>
    </p>
   </div>
   <div class='ocr_carea' id='block_1_2' title="bbox 591 141 1162 178">
    <p class='ocr_par' dir='ltr' id='par_1_2' title="bbox 591 141 1162 178">
     <span class='ocr_line' id='line_1_2' title="bbox 591 141 1162 178; baseline -0.004 -2"><span class='ocrx_word' id='word_1_2' title='bbox 591 142 717 176; x_wconf 84' lang='lat' dir='ltr'>LIBER</span> <span class='ocrx_word' id='word_1_3' title='bbox 746 141 926 175; x_wconf 81' lang='lat' dir='ltr'>XXXVII.</span> <span class='ocrx_word' id='word_1_4' title='bbox 952 141 1045 175; x_wconf 89' lang='lat' dir='ltr'><strong>CAP.</strong></span> <span class='ocrx_word' id='word_1_5' title='bbox 1070 145 1102 178; x_wconf 89' lang='grc'>4.</span> <span class='ocrx_word' id='word_1_6' title='bbox 1133 146 1162 177; x_wconf 81' lang='lat'>5.</span> 
     </span>
    </p>
   </div>
   <div class='ocr_carea' id='block_1_3' title="bbox 1440 140 1594 168">
    <p class='ocr_par' dir='ltr' id='par_1_3' title="bbox 1440 140 1594 168">
     <span class='ocr_line' id='line_1_3' title="bbox 1440 140 1594 168; baseline 0.013 -2"><span class='ocrx_word' id='word_1_7' title='bbox 1440 148 1465 167; x_wconf 84' lang='lat' dir='ltr'>a.</span> <span class='ocrx_word' id='word_1_8' title='bbox 1484 147 1513 166; x_wconf 87' lang='lat' dir='ltr'>u.</span> <span class='ocrx_word' id='word_1_9' title='bbox 1531 140 1594 168; x_wconf 78' lang='lat'>564.</span> 
     </span>
    </p>
   </div>
   <div class='ocr_carea' id='block_1_4' title="bbox 98 244 1628 1600">
    <p class='ocr_par' dir='ltr' id='par_1_4' title="bbox 98 244 1628 1600">
     <span class='ocr_line' id='line_1_4' title="bbox 162 244 1590 301; baseline -0.004 -13"><span class='ocrx_word' id='word_1_10' title='bbox 162 250 266 301; x_wconf 82' lang='lat' dir='ltr'>pacis</span> <span class='ocrx_word' id='word_1_11' title='bbox 289 261 385 295; x_wconf 88' lang='lat' dir='ltr'>esse,</span> <span class='ocrx_word' id='word_1_12' title='bbox 409 259 649 299; x_wconf 86' lang='lat' dir='ltr'>quamquam</span> <span class='ocrx_word' id='word_1_13' title='bbox 670 245 797 285; x_wconf 85' lang='lat' dir='ltr'>omnis</span> <span class='ocrx_word' id='word_1_14' title='bbox 820 257 888 284; x_wconf 89' lang='lat' dir='ltr'>ora</span> <span class='ocrx_word' id='word_1_15' title='bbox 907 245 1098 285; x_wconf 88' lang='lat' dir='ltr'>maritima</span> <span class='ocrx_word' id='word_1_16' title='bbox 1120 257 1271 293; x_wconf 86' lang='lat' dir='ltr'>eorum,</span> <span class='ocrx_word' id='word_1_17' title='bbox 1294 257 1393 296; x_wconf 89' lang='lat' dir='ltr'>quae</span> <span class='ocrx_word' id='word_1_18' title='bbox 1413 245 1454 284; x_wconf 91' lang='lat' dir='ltr'>in</span> <span class='ocrx_word' id='word_1_19' title='bbox 1473 244 1590 284; x_wconf 87' lang='lat' dir='ltr'>Pelo-</span> 
     </span>
     <span class='ocr_line' id='line_1_5' title="bbox 122 301 1590 357; baseline -0.003 -12"><span class='ocrx_word' id='word_1_20' title='bbox 122 318 142 350; x_wconf 83' lang='lat'><strong>7</strong></span> <span class='ocrx_word' id='word_1_21' title='bbox 161 318 385 357; x_wconf 90' lang='lat' dir='ltr'>ponnesum</span> <span class='ocrx_word' id='word_1_22' title='bbox 409 317 520 343; x_wconf 85' lang='lat' dir='ltr'>versa</span> <span class='ocrx_word' id='word_1_23' title='bbox 541 309 619 350; x_wconf 89' lang='lat' dir='ltr'>est,</span> <span class='ocrx_word' id='word_1_24' title='bbox 649 302 881 354; x_wconf 87' lang='lat' dir='ltr'>depopulata</span> <span class='ocrx_word' id='word_1_25' title='bbox 901 301 948 340; x_wconf 87' lang='lat' dir='ltr'>ab</span> <span class='ocrx_word' id='word_1_26' title='bbox 969 302 1131 341; x_wconf 77' lang='lat' dir='ltr'>Achaeis</span> <span class='ocrx_word' id='word_1_27' title='bbox 1153 308 1254 349; x_wconf 89' lang='lat' dir='ltr'>erat,</span> <span class='ocrx_word' id='word_1_28' title='bbox 1284 301 1447 353; x_wconf 87' lang='lat' dir='ltr'>periculi</span> <span class='ocrx_word' id='word_1_29' title='bbox 1469 302 1590 353; x_wconf 86' lang='lat' dir='ltr'>magis</span> 
     </span>
     <span class='ocr_line' id='line_1_6' title="bbox 161 358 1590 414; baseline -0.003 -12"><span class='ocrx_word' id='word_1_30' title='bbox 161 375 281 414; x_wconf 87' lang='lat' dir='ltr'>quam</span> <span class='ocrx_word' id='word_1_31' title='bbox 310 361 443 401; x_wconf 90' lang='lat' dir='ltr'>damni</span> <span class='ocrx_word' id='word_1_32' title='bbox 464 372 671 406; x_wconf 78' lang='lat' dir='ltr'><strong>memores,</strong></span> <span class='ocrx_word' id='word_1_33' title='bbox 697 365 738 398; x_wconf 87' lang='lat' dir='ltr'>ut</span> <span class='ocrx_word' id='word_1_34' title='bbox 756 359 944 398; x_wconf 86' lang='lat' dir='ltr'>Romanis</span> <span class='ocrx_word' id='word_1_35' title='bbox 966 359 1272 398; x_wconf 74' lang='lat' dir='ltr'>intercluderent</span> <span class='ocrx_word' id='word_1_36' title='bbox 1290 359 1373 405; x_wconf 81' lang='lat' dir='ltr'>iter,</span> <span class='ocrx_word' id='word_1_37' title='bbox 1402 358 1590 397; x_wconf 84' lang='lat' dir='ltr'>Coracem</span> 
     </span>
     <span class='ocr_line' id='line_1_7' title="bbox 161 415 1590 470; baseline -0.003 -12"><span class='ocrx_word' id='word_1_38' title='bbox 161 423 455 470; x_wconf 89' lang='lat' dir='ltr'>occupaverunt</span> <span class='ocrx_word' id='word_1_39' title='bbox 475 423 650 456; x_wconf 85' lang='lat' dir='ltr'>montem</span> <span class='ocrx_word' id='word_1_40' title='bbox 664 429 672 454; x_wconf 88' lang='lat'>:</span> <span class='ocrx_word' id='word_1_41' title='bbox 696 427 824 466; x_wconf 89' lang='lat' dir='ltr'>neque</span> <span class='ocrx_word' id='word_1_42' title='bbox 837 415 943 454; x_wconf 87' lang='lat' dir='ltr'>enim</span> <span class='ocrx_word' id='word_1_43' title='bbox 956 415 1184 454; x_wconf 80' lang='lat' dir='ltr'><strong>dubitabant</strong></span> <span class='ocrx_word' id='word_1_44' title='bbox 1194 415 1241 454; x_wconf 89' lang='lat' dir='ltr'>ad</span> <span class='ocrx_word' id='word_1_45' title='bbox 1255 415 1590 466; x_wconf 82' lang='lat' dir='ltr'>oppugnationem</span> 
     </span>
     <span class='ocr_line' id='line_1_8' title="bbox 121 472 1587 527; baseline -0.004 -11"><span class='ocrx_word' id='word_1_46' title='bbox 121 484 141 518; x_wconf 83' lang='grc'>8</span> <span class='ocrx_word' id='word_1_47' title='bbox 160 475 347 527; x_wconf 85' lang='lat' dir='ltr'>Naupacti</span> <span class='ocrx_word' id='word_1_48' title='bbox 374 487 440 513; x_wconf 91' lang='lat' dir='ltr'>eos</span> <span class='ocrx_word' id='word_1_49' title='bbox 464 473 656 525; x_wconf 86' lang='lat' dir='ltr'>principio</span> <span class='ocrx_word' id='word_1_50' title='bbox 680 472 780 510; x_wconf 88' lang='lat' dir='ltr'>veris</span> <span class='ocrx_word' id='word_1_51' title='bbox 804 472 1000 511; x_wconf 89' lang='lat' dir='ltr'>redituros</span> <span class='ocrx_word' id='word_1_52' title='bbox 1020 484 1116 511; x_wconf 88' lang='lat' dir='ltr'>esse.</span> <span class='ocrx_word' id='word_1_53' title='bbox 1148 472 1283 519; x_wconf 90' lang='lat' dir='ltr'>Acilio,</span> <span class='ocrx_word' id='word_1_54' title='bbox 1308 472 1397 522; x_wconf 85' lang='lat' dir='ltr'>quia</span> <span class='ocrx_word' id='word_1_55' title='bbox 1418 472 1458 510; x_wconf 86' lang='lat' dir='ltr'>id</span> <span class='ocrx_word' id='word_1_56' title='bbox 1470 483 1587 522; x_wconf 80' lang='lat' dir='ltr'>expe-</span> 
     </span>
     <span class='ocr_line' id='line_1_9' title="bbox 161 528 1628 580; baseline -0.004 -8"><span class='ocrx_word' id='word_1_57' title='bbox 161 533 253 572; x_wconf 85' lang='lat' dir='ltr'>ctari</span> <span class='ocrx_word' id='word_1_58' title='bbox 285 531 439 578; x_wconf 82' lang='lat' dir='ltr'>sciehat,</span> <span class='ocrx_word' id='word_1_59' title='bbox 460 530 579 569; x_wconf 87' lang='lat' dir='ltr'>satius</span> <span class='ocrx_word' id='word_1_60' title='bbox 603 530 728 568; x_wconf 86' lang='lat' dir='ltr'>visum</span> <span class='ocrx_word' id='word_1_61' title='bbox 750 534 807 567; x_wconf 83' lang='lat' dir='ltr'>est</span> <span class='ocrx_word' id='word_1_62' title='bbox 828 528 1070 580; x_wconf 87' lang='lat' dir='ltr'>inopinatam</span> <span class='ocrx_word' id='word_1_63' title='bbox 1090 529 1248 579; x_wconf 82' lang='lat' dir='ltr'>adgredi</span> <span class='ocrx_word' id='word_1_64' title='bbox 1269 540 1352 567; x_wconf 87' lang='lat' dir='ltr'>rem</span> <span class='ocrx_word' id='word_1_65' title='bbox 1367 534 1403 567; x_wconf 89' lang='lat' dir='ltr'>et</span> <span class='ocrx_word' id='word_1_66' title='bbox 1417 528 1591 567; x_wconf 89' lang='lat' dir='ltr'>Lamiam</span> <span class='ocrx_word' id='word_1_67' title='bbox 1624 572 1628 575; x_wconf 50' lang='grc'>,</span> 
     </span>
     <span class='ocr_line' id='line_1_10' title="bbox 120 585 1589 640; baseline -0.005 -10"><span class='ocrx_word' id='word_1_68' title='bbox 120 599 140 631; x_wconf 83' lang='grc'>9</span> <span class='ocrx_word' id='word_1_69' title='bbox 162 600 410 640; x_wconf 83' lang='lat' dir='ltr'>oppugnare:</span> <span class='ocrx_word' id='word_1_70' title='bbox 442 599 534 626; x_wconf 90' lang='lat' dir='ltr'>nam</span> <span class='ocrx_word' id='word_1_71' title='bbox 554 592 591 625; x_wconf 85' lang='lat' dir='ltr'>et</span> <span class='ocrx_word' id='word_1_72' title='bbox 610 599 631 625; x_wconf 90' lang='lat' dir='ltr'>a</span> <span class='ocrx_word' id='word_1_73' title='bbox 651 585 830 636; x_wconf 87' lang='lat' dir='ltr'>Philippo</span> <span class='ocrx_word' id='word_1_74' title='bbox 853 597 977 636; x_wconf 85' lang='lat' dir='ltr'>prope</span> <span class='ocrx_word' id='word_1_75' title='bbox 998 585 1045 624; x_wconf 91' lang='lat' dir='ltr'>ad</span> <span class='ocrx_word' id='word_1_76' title='bbox 1067 585 1261 624; x_wconf 82' lang='lat' dir='ltr'>excidium</span> <span class='ocrx_word' id='word_1_77' title='bbox 1281 585 1471 624; x_wconf 90' lang='lat' dir='ltr'>adductos</span> <span class='ocrx_word' id='word_1_78' title='bbox 1493 597 1589 631; x_wconf 85' lang='lat' dir='ltr'>esse,</span> 
     </span>
     <span class='ocr_line' id='line_1_11' title="bbox 160 642 1586 695; baseline -0.003 -11"><span class='ocrx_word' id='word_1_79' title='bbox 160 652 197 684; x_wconf 89' lang='lat' dir='ltr'>et</span> <span class='ocrx_word' id='word_1_80' title='bbox 212 653 304 684; x_wconf 89' lang='lat' dir='ltr'>tunc</span> <span class='ocrx_word' id='word_1_81' title='bbox 324 657 369 683; x_wconf 92' lang='lat' dir='ltr'>eo</span> <span class='ocrx_word' id='word_1_82' title='bbox 391 645 489 695; x_wconf 89' lang='lat' dir='ltr'>ipso,</span> <span class='ocrx_word' id='word_1_83' title='bbox 513 643 620 694; x_wconf 87' lang='lat' dir='ltr'>quod</span> <span class='ocrx_word' id='word_1_84' title='bbox 641 643 736 681; x_wconf 80' lang='lat' dir='ltr'>nihil</span> <span class='ocrx_word' id='word_1_85' title='bbox 758 642 828 681; x_wconf 89' lang='lat' dir='ltr'>tale</span> <span class='ocrx_word' id='word_1_86' title='bbox 851 642 1043 686; x_wconf 85' lang='lat' dir='ltr'>timerent,</span> <span class='ocrx_word' id='word_1_87' title='bbox 1067 642 1237 693; x_wconf 86' lang='lat' dir='ltr'>opprimi</span> <span class='ocrx_word' id='word_1_88' title='bbox 1257 642 1433 680; x_wconf 86' lang='lat' dir='ltr'>incautos</span> <span class='ocrx_word' id='word_1_89' title='bbox 1457 653 1586 692; x_wconf 87' lang='lat' dir='ltr'>posse.</span> 
     </span>
     <span class='ocr_line' id='line_1_12' title="bbox 98 698 1593 753; baseline -0.003 -13"><span class='ocrx_word' id='word_1_90' title='bbox 98 706 139 739; x_wconf 91' lang='lat'>10</span> <span class='ocrx_word' id='word_1_91' title='bbox 159 704 360 753; x_wconf 87' lang='lat' dir='ltr'>profectus</span> <span class='ocrx_word' id='word_1_92' title='bbox 391 701 437 739; x_wconf 88' lang='lat' dir='ltr'>ab</span> <span class='ocrx_word' id='word_1_93' title='bbox 463 700 582 740; x_wconf 90' lang='lat' dir='ltr'>Elatia</span> <span class='ocrx_word' id='word_1_94' title='bbox 613 699 786 750; x_wconf 89' lang='lat' dir='ltr'>primum</span> <span class='ocrx_word' id='word_1_95' title='bbox 816 699 856 737; x_wconf 94' lang='lat' dir='ltr'>in</span> <span class='ocrx_word' id='word_1_96' title='bbox 888 699 1061 737; x_wconf 86' lang='lat' dir='ltr'>hostium</span> <span class='ocrx_word' id='word_1_97' title='bbox 1094 705 1197 737; x_wconf 87' lang='lat' dir='ltr'>terra</span> <span class='ocrx_word' id='word_1_98' title='bbox 1228 699 1329 737; x_wconf 85' lang='lat' dir='ltr'>circa</span> <span class='ocrx_word' id='word_1_99' title='bbox 1348 698 1593 748; x_wconf 88' lang='lat' dir='ltr'>Spercheum</span> 
     </span>
     <span class='ocr_line' id='line_1_13' title="bbox 158 755 1592 809; baseline -0.003 -12"><span class='ocrx_word' id='word_1_100' title='bbox 158 771 316 798; x_wconf 90' lang='lat' dir='ltr'>amnem</span> <span class='ocrx_word' id='word_1_101' title='bbox 338 757 470 809; x_wconf 83' lang='lat' dir='ltr'>posuit</span> <span class='ocrx_word' id='word_1_102' title='bbox 492 762 635 804; x_wconf 81' lang='lat' dir='ltr'>castra3</span> <span class='ocrx_word' id='word_1_103' title='bbox 665 756 755 794; x_wconf 88' lang='lat' dir='ltr'>inde</span> <span class='ocrx_word' id='word_1_104' title='bbox 776 762 889 794; x_wconf 87' lang='lat' dir='ltr'>noete</span> <span class='ocrx_word' id='word_1_105' title='bbox 911 756 1025 794; x_wconf 87' lang='lat' dir='ltr'>motis</span> <span class='ocrx_word' id='word_1_106' title='bbox 1049 755 1166 806; x_wconf 83' lang='lat' dir='ltr'>signis</span> <span class='ocrx_word' id='word_1_107' title='bbox 1190 755 1315 805; x_wconf 90' lang='lat' dir='ltr'>prima</span> <span class='ocrx_word' id='word_1_108' title='bbox 1335 755 1422 793; x_wconf 89' lang='lat' dir='ltr'>luce</span> <span class='ocrx_word' id='word_1_109' title='bbox 1445 766 1592 793; x_wconf 88' lang='lat' dir='ltr'>corona</span> 
     </span>
     <span class='ocr_line' id='line_1_14' title="bbox 111 811 1591 865; baseline -0.004 -10"><span class='ocrx_word' id='word_1_110' title='bbox 111 820 138 859; x_wconf 85' lang='lat'>5</span> <span class='ocrx_word' id='word_1_111' title='bbox 162 815 316 854; x_wconf 87' lang='lat' dir='ltr'>moenia</span> <span class='ocrx_word' id='word_1_112' title='bbox 351 821 408 854; x_wconf 88' lang='lat' dir='ltr'>est</span> <span class='ocrx_word' id='word_1_113' title='bbox 432 814 652 865; x_wconf 86' lang='lat' dir='ltr'>adgressus.</span> <span class='ocrx_word' id='word_1_114' title='bbox 697 813 861 863; x_wconf 86' lang='lat' dir='ltr'>Magnus</span> <span class='ocrx_word' id='word_1_115' title='bbox 884 825 1006 864; x_wconf 88' lang='lat' dir='ltr'>pavor</span> <span class='ocrx_word' id='word_1_116' title='bbox 1029 824 1073 851; x_wconf 93' lang='lat' dir='ltr'>ac</span> <span class='ocrx_word' id='word_1_117' title='bbox 1094 812 1298 859; x_wconf 81' lang='lat' dir='ltr'>tumultus,</span> <span class='ocrx_word' id='word_1_118' title='bbox 1330 817 1372 850; x_wconf 86' lang='lat' dir='ltr'>ut</span> <span class='ocrx_word' id='word_1_119' title='bbox 1389 811 1430 849; x_wconf 91' lang='lat' dir='ltr'>in</span> <span class='ocrx_word' id='word_1_120' title='bbox 1449 823 1491 849; x_wconf 88' lang='lat' dir='ltr'>re</span> <span class='ocrx_word' id='word_1_121' title='bbox 1514 811 1591 849; x_wconf 91' lang='lat' dir='ltr'>im—</span> 
     </span>
     <span class='ocr_line' id='line_1_15' title="bbox 157 867 1592 924; baseline -0.003 -13"><span class='ocrx_word' id='word_1_122' title='bbox 157 872 326 924; x_wconf 88' lang='lat' dir='ltr'>provisa,</span> <span class='ocrx_word' id='word_1_123' title='bbox 348 871 432 910; x_wconf 88' lang='lat' dir='ltr'>fuit.</span> <span class='ocrx_word' id='word_1_124' title='bbox 471 870 713 910; x_wconf 83' lang='lat' dir='ltr'>constantius</span> <span class='ocrx_word' id='word_1_125' title='bbox 734 876 877 916; x_wconf 85' lang='lat' dir='ltr'>tamen,</span> <span class='ocrx_word' id='word_1_126' title='bbox 901 881 1018 920; x_wconf 86' lang='lat' dir='ltr'>quam</span> <span class='ocrx_word' id='word_1_127' title='bbox 1043 869 1130 920; x_wconf 87' lang='lat' dir='ltr'>quis</span> <span class='ocrx_word' id='word_1_128' title='bbox 1154 871 1326 907; x_wconf 85' lang='lat' dir='ltr'>facturos</span> <span class='ocrx_word' id='word_1_129' title='bbox 1349 867 1536 912; x_wconf 84' lang='lat' dir='ltr'>crederet,</span> <span class='ocrx_word' id='word_1_130' title='bbox 1552 868 1592 906; x_wconf 88' lang='lat' dir='ltr'>in</span> 
     </span>
     <span class='ocr_line' id='line_1_16' title="bbox 161 924 1592 979; baseline -0.004 -11"><span class='ocrx_word' id='word_1_131' title='bbox 161 936 240 968; x_wconf 88' lang='lat' dir='ltr'>tam</span> <span class='ocrx_word' id='word_1_132' title='bbox 260 928 389 968; x_wconf 88' lang='lat' dir='ltr'>subito</span> <span class='ocrx_word' id='word_1_133' title='bbox 414 927 601 979; x_wconf 82' lang='lat' dir='ltr'>periculo,</span> <span class='ocrx_word' id='word_1_134' title='bbox 634 938 724 965; x_wconf 88' lang='lat' dir='ltr'>cum</span> <span class='ocrx_word' id='word_1_135' title='bbox 747 926 819 964; x_wconf 86' lang='lat' dir='ltr'>viri</span> <span class='ocrx_word' id='word_1_136' title='bbox 842 931 1149 977; x_wconf 84' lang='lat' dir='ltr'>propugnarent,</span> <span class='ocrx_word' id='word_1_137' title='bbox 1180 925 1347 963; x_wconf 87' lang='lat' dir='ltr'>feminae</span> <span class='ocrx_word' id='word_1_138' title='bbox 1368 924 1441 963; x_wconf 85' lang='lat' dir='ltr'>tela</span> <span class='ocrx_word' id='word_1_139' title='bbox 1463 924 1592 963; x_wconf 91' lang='lat' dir='ltr'>omnis</span> 
     </span>
     <span class='ocr_line' id='line_1_17' title="bbox 159 981 1591 1037; baseline -0.003 -13"><span class='ocrx_word' id='word_1_140' title='bbox 159 986 311 1037; x_wconf 85' lang='lat' dir='ltr'>generis</span> <span class='ocrx_word' id='word_1_141' title='bbox 333 996 503 1035; x_wconf 86' lang='lat' dir='ltr'>saxaque</span> <span class='ocrx_word' id='word_1_142' title='bbox 525 984 565 1022; x_wconf 93' lang='lat' dir='ltr'>in</span> <span class='ocrx_word' id='word_1_143' title='bbox 589 995 724 1021; x_wconf 89' lang='lat' dir='ltr'>muros</span> <span class='ocrx_word' id='word_1_144' title='bbox 748 989 938 1034; x_wconf 83' lang='lat' dir='ltr'>gererent,</span> <span class='ocrx_word' id='word_1_145' title='bbox 959 983 1033 1021; x_wconf 86' lang='lat' dir='ltr'>iam</span> <span class='ocrx_word' id='word_1_146' title='bbox 1058 982 1307 1020; x_wconf 87' lang='lat' dir='ltr'>multifariam</span> <span class='ocrx_word' id='word_1_147' title='bbox 1330 981 1441 1020; x_wconf 80' lang='lat' dir='ltr'>scalis</span> <span class='ocrx_word' id='word_1_148' title='bbox 1465 993 1591 1032; x_wconf 91' lang='lat' dir='ltr'>appo-</span> 
     </span>
     <span class='ocr_line' id='line_1_18' title="bbox 116 1037 1591 1090; baseline -0.003 -9"><span class='ocrx_word' id='word_1_149' title='bbox 116 1043 137 1075; x_wconf 87' lang='grc'><strong><em>2</em></strong></span> <span class='ocrx_word' id='word_1_150' title='bbox 157 1043 237 1081; x_wconf 83' lang='lat' dir='ltr'>sitis</span> <span class='ocrx_word' id='word_1_151' title='bbox 262 1041 401 1080; x_wconf 86' lang='lat' dir='ltr'>urbem</span> <span class='ocrx_word' id='word_1_152' title='bbox 422 1053 466 1079; x_wconf 91' lang='lat' dir='ltr'>eo</span> <span class='ocrx_word' id='word_1_153' title='bbox 489 1041 548 1079; x_wconf 87' lang='lat' dir='ltr'>die</span> <span class='ocrx_word' id='word_1_154' title='bbox 572 1040 844 1078; x_wconf 86' lang='lat' dir='ltr'>defenderunt.</span> <span class='ocrx_word' id='word_1_155' title='bbox 884 1039 1028 1078; x_wconf 83' lang='lat' dir='ltr'>Acilius</span> <span class='ocrx_word' id='word_1_156' title='bbox 1053 1040 1163 1090; x_wconf 92' lang='lat' dir='ltr'>signo</span> <span class='ocrx_word' id='word_1_157' title='bbox 1187 1038 1360 1089; x_wconf 80' lang='lat' dir='ltr'>receptui</span> <span class='ocrx_word' id='word_1_158' title='bbox 1383 1037 1470 1076; x_wconf 84' lang='lat' dir='ltr'>dato</span> <span class='ocrx_word' id='word_1_159' title='bbox 1497 1049 1591 1076; x_wconf 87' lang='lat' dir='ltr'>suos</span> 
     </span>
     <span class='ocr_line' id='line_1_19' title="bbox 155 1093 1591 1145; baseline -0.004 -7"><span class='ocrx_word' id='word_1_160' title='bbox 155 1099 198 1138; x_wconf 90' lang='lat' dir='ltr'>in</span> <span class='ocrx_word' id='word_1_161' title='bbox 220 1104 344 1138; x_wconf 88' lang='lat' dir='ltr'>castra</span> <span class='ocrx_word' id='word_1_162' title='bbox 367 1097 495 1136; x_wconf 89' lang='lat' dir='ltr'>medio</span> <span class='ocrx_word' id='word_1_163' title='bbox 518 1098 642 1135; x_wconf 88' lang='lat' dir='ltr'>ferme</span> <span class='ocrx_word' id='word_1_164' title='bbox 668 1096 729 1135; x_wconf 87' lang='lat' dir='ltr'>die</span> <span class='ocrx_word' id='word_1_165' title='bbox 744 1096 920 1143; x_wconf 78' lang='lat' dir='ltr'>reduxit3</span> <span class='ocrx_word' id='word_1_166' title='bbox 947 1102 984 1135; x_wconf 90' lang='lat' dir='ltr'>et</span> <span class='ocrx_word' id='word_1_167' title='bbox 1006 1102 1100 1135; x_wconf 86' lang='lat' dir='ltr'>tunc</span> <span class='ocrx_word' id='word_1_168' title='bbox 1121 1095 1207 1134; x_wconf 87' lang='lat' dir='ltr'>cibo</span> <span class='ocrx_word' id='word_1_169' title='bbox 1233 1102 1269 1134; x_wconf 88' lang='lat' dir='ltr'>et</span> <span class='ocrx_word' id='word_1_170' title='bbox 1291 1095 1418 1145; x_wconf 89' lang='lat' dir='ltr'>quiete</span> <span class='ocrx_word' id='word_1_171' title='bbox 1437 1093 1591 1133; x_wconf 85' lang='lat' dir='ltr'>refectis</span> 
     </span>
     <span class='ocr_line' id='line_1_20' title="bbox 156 1151 1592 1207; baseline -0.004 -13"><span class='ocrx_word' id='word_1_172' title='bbox 156 1155 404 1207; x_wconf 82' lang='lat' dir='ltr'>corporibus,</span> <span class='ocrx_word' id='word_1_173' title='bbox 426 1154 657 1205; x_wconf 81' lang='lat' dir='ltr'>priusquam</span> <span class='ocrx_word' id='word_1_174' title='bbox 678 1153 917 1204; x_wconf 88' lang='lat' dir='ltr'>praetorium</span> <span class='ocrx_word' id='word_1_175' title='bbox 931 1152 1149 1199; x_wconf 86' lang='lat' dir='ltr'>dimitteret,</span> <span class='ocrx_word' id='word_1_176' title='bbox 1172 1151 1426 1198; x_wconf 84' lang='lat' dir='ltr'>denuntiavit,</span> <span class='ocrx_word' id='word_1_177' title='bbox 1450 1156 1493 1189; x_wconf 92' lang='lat' dir='ltr'>ut</span> <span class='ocrx_word' id='word_1_178' title='bbox 1504 1156 1592 1189; x_wconf 89' lang='lat' dir='ltr'>ante</span> 
     </span>
     <span class='ocr_line' id='line_1_21' title="bbox 155 1208 1590 1262; baseline -0.003 -12"><span class='ocrx_word' id='word_1_179' title='bbox 155 1213 286 1252; x_wconf 89' lang='lat' dir='ltr'>lucem</span> <span class='ocrx_word' id='word_1_180' title='bbox 310 1211 449 1250; x_wconf 84' lang='lat' dir='ltr'>armati</span> <span class='ocrx_word' id='word_1_181' title='bbox 471 1210 672 1262; x_wconf 89' lang='lat' dir='ltr'>paratique</span> <span class='ocrx_word' id='word_1_182' title='bbox 693 1216 843 1255; x_wconf 67' lang='lat' dir='ltr'>essent,</span> <span class='ocrx_word' id='word_1_183' title='bbox 868 1210 942 1248; x_wconf 85' lang='lat' dir='ltr'>nisi</span> <span class='ocrx_word' id='word_1_184' title='bbox 965 1215 1183 1260; x_wconf 83' lang='lat' dir='ltr'>expugnata</span> <span class='ocrx_word' id='word_1_185' title='bbox 1204 1208 1300 1246; x_wconf 88' lang='lat' dir='ltr'>urbe</span> <span class='ocrx_word' id='word_1_186' title='bbox 1322 1221 1362 1246; x_wconf 91' lang='lat' dir='ltr'>se</span> <span class='ocrx_word' id='word_1_187' title='bbox 1384 1219 1451 1246; x_wconf 91' lang='lat' dir='ltr'>eos</span> <span class='ocrx_word' id='word_1_188' title='bbox 1465 1208 1506 1245; x_wconf 90' lang='lat' dir='ltr'>in</span> <span class='ocrx_word' id='word_1_189' title='bbox 1525 1219 1590 1245; x_wconf 86' lang='lat' dir='ltr'>ca-</span> 
     </span>
     <span class='ocr_line' id='line_1_22' title="bbox 118 1264 1591 1317; baseline -0.004 -9"><span class='ocrx_word' id='word_1_190' title='bbox 118 1276 137 1308; x_wconf 86' lang='lat'><strong>3</strong></span> <span class='ocrx_word' id='word_1_191' title='bbox 157 1274 235 1308; x_wconf 88' lang='lat' dir='ltr'>stra</span> <span class='ocrx_word' id='word_1_192' title='bbox 257 1281 339 1307; x_wconf 90' lang='lat' dir='ltr'>non</span> <span class='ocrx_word' id='word_1_193' title='bbox 362 1268 630 1306; x_wconf 89' lang='lat' dir='ltr'>reducturum.</span> <span class='ocrx_word' id='word_1_194' title='bbox 666 1266 805 1304; x_wconf 90' lang='lat' dir='ltr'>eodem</span> <span class='ocrx_word' id='word_1_195' title='bbox 825 1273 1013 1317; x_wconf 86' lang='lat' dir='ltr'>tempore,</span> <span class='ocrx_word' id='word_1_196' title='bbox 1035 1278 1113 1316; x_wconf 88' lang='lat' dir='ltr'>quo</span> <span class='ocrx_word' id='word_1_197' title='bbox 1139 1265 1274 1316; x_wconf 86' lang='lat' dir='ltr'>pridie,</span> <span class='ocrx_word' id='word_1_198' title='bbox 1296 1264 1475 1315; x_wconf 84' lang='lat' dir='ltr'>pluribus</span> <span class='ocrx_word' id='word_1_199' title='bbox 1496 1264 1591 1302; x_wconf 88' lang='lat' dir='ltr'>locis</span> 
     </span>
     <span class='ocr_line' id='line_1_23' title="bbox 156 1320 1593 1376; baseline -0.004 -12"><span class='ocrx_word' id='word_1_200' title='bbox 156 1326 376 1376; x_wconf 86' lang='lat' dir='ltr'>adgressus,</span> <span class='ocrx_word' id='word_1_201' title='bbox 409 1336 499 1363; x_wconf 88' lang='lat' dir='ltr'>cum</span> <span class='ocrx_word' id='word_1_202' title='bbox 529 1323 747 1374; x_wconf 81' lang='lat' dir='ltr'>oppidanos</span> <span class='ocrx_word' id='word_1_203' title='bbox 779 1323 855 1361; x_wconf 84' lang='lat' dir='ltr'>iam</span> <span class='ocrx_word' id='word_1_204' title='bbox 885 1323 997 1369; x_wconf 89' lang='lat' dir='ltr'>vires,</span> <span class='ocrx_word' id='word_1_205' title='bbox 1028 1322 1106 1360; x_wconf 89' lang='lat' dir='ltr'>iam</span> <span class='ocrx_word' id='word_1_206' title='bbox 1135 1322 1219 1368; x_wconf 88' lang='lat' dir='ltr'>tela,</span> <span class='ocrx_word' id='word_1_207' title='bbox 1251 1322 1328 1360; x_wconf 83' lang='lat' dir='ltr'>iani</span> <span class='ocrx_word' id='word_1_208' title='bbox 1350 1326 1438 1359; x_wconf 89' lang='lat' dir='ltr'>ante</span> <span class='ocrx_word' id='word_1_209' title='bbox 1460 1320 1593 1359; x_wconf 90' lang='lat' dir='ltr'>omnia</span> 
     </span>
     <span class='ocr_line' id='line_1_24' title="bbox 156 1376 1592 1430; baseline -0.004 -9"><span class='ocrx_word' id='word_1_210' title='bbox 156 1382 312 1421; x_wconf 88' lang='lat' dir='ltr'>animus</span> <span class='ocrx_word' id='word_1_211' title='bbox 337 1381 528 1427; x_wconf 88' lang='lat' dir='ltr'>deficeret,</span> <span class='ocrx_word' id='word_1_212' title='bbox 549 1380 650 1418; x_wconf 90' lang='lat' dir='ltr'>intra</span> <span class='ocrx_word' id='word_1_213' title='bbox 675 1391 818 1430; x_wconf 85' lang='lat' dir='ltr'>paucas</span> <span class='ocrx_word' id='word_1_214' title='bbox 841 1379 956 1418; x_wconf 87' lang='lat' dir='ltr'>horas</span> <span class='ocrx_word' id='word_1_215' title='bbox 979 1379 1119 1417; x_wconf 88' lang='lat' dir='ltr'>urbem</span> <span class='ocrx_word' id='word_1_216' title='bbox 1141 1378 1251 1429; x_wconf 88' lang='lat' dir='ltr'>cepit.</span> <span class='ocrx_word' id='word_1_217' title='bbox 1282 1377 1336 1416; x_wconf 89' lang='lat' dir='ltr'>ibi</span> <span class='ocrx_word' id='word_1_218' title='bbox 1358 1377 1500 1429; x_wconf 89' lang='lat' dir='ltr'>partim</span> <span class='ocrx_word' id='word_1_219' title='bbox 1531 1376 1592 1416; x_wconf 90' lang='lat' dir='ltr'>di-</span> 
     </span>
     <span class='ocr_line' id='line_1_25' title="bbox 156 1433 1590 1489; baseline -0.003 -12"><span class='ocrx_word' id='word_1_220' title='bbox 156 1438 309 1477; x_wconf 86' lang='lat' dir='ltr'>vendita</span> <span class='ocrx_word' id='word_1_221' title='bbox 333 1438 474 1489; x_wconf 90' lang='lat' dir='ltr'>partim</span> <span class='ocrx_word' id='word_1_222' title='bbox 497 1437 618 1476; x_wconf 82' lang='lat' dir='ltr'>divisa</span> <span class='ocrx_word' id='word_1_223' title='bbox 640 1436 795 1487; x_wconf 77' lang='lat' dir='ltr'>praeda,</span> <span class='ocrx_word' id='word_1_224' title='bbox 818 1436 1026 1475; x_wconf 87' lang='lat' dir='ltr'>consilium</span> <span class='ocrx_word' id='word_1_225' title='bbox 1047 1435 1235 1481; x_wconf 90' lang='lat' dir='ltr'>habitum,</span> <span class='ocrx_word' id='word_1_226' title='bbox 1258 1434 1351 1485; x_wconf 90' lang='lat' dir='ltr'>quid</span> <span class='ocrx_word' id='word_1_227' title='bbox 1376 1433 1517 1473; x_wconf 87' lang='lat' dir='ltr'>deinde</span> <span class='ocrx_word' id='word_1_228' title='bbox 1531 1435 1590 1472; x_wconf 83' lang='lat' dir='ltr'>fa-</span> 
     </span>
     <span class='ocr_line' id='line_1_26' title="bbox 115 1490 1590 1543; baseline -0.003 -9"><span class='ocrx_word' id='word_1_229' title='bbox 115 1507 138 1539; x_wconf 87' lang='lat'><strong>4</strong></span> <span class='ocrx_word' id='word_1_230' title='bbox 157 1501 272 1534; x_wconf 73' lang='lat' dir='ltr'>Ceret.</span> <span class='ocrx_word' id='word_1_231' title='bbox 314 1494 463 1533; x_wconf 90' lang='lat' dir='ltr'>nemini</span> <span class='ocrx_word' id='word_1_232' title='bbox 485 1494 532 1533; x_wconf 90' lang='lat' dir='ltr'>ad</span> <span class='ocrx_word' id='word_1_233' title='bbox 555 1494 800 1543; x_wconf 86' lang='lat' dir='ltr'>Naupactum</span> <span class='ocrx_word' id='word_1_234' title='bbox 823 1492 871 1531; x_wconf 89' lang='lat' dir='ltr'>iri</span> <span class='ocrx_word' id='word_1_235' title='bbox 892 1493 1036 1543; x_wconf 83' lang='lat' dir='ltr'>placuit</span> <span class='ocrx_word' id='word_1_236' title='bbox 1057 1498 1246 1542; x_wconf 88' lang='lat' dir='ltr'>occupato</span> <span class='ocrx_word' id='word_1_237' title='bbox 1269 1491 1316 1530; x_wconf 90' lang='lat' dir='ltr'>ad</span> <span class='ocrx_word' id='word_1_238' title='bbox 1338 1491 1524 1530; x_wconf 89' lang='lat' dir='ltr'>Coracem</span> <span class='ocrx_word' id='word_1_239' title='bbox 1544 1490 1590 1529; x_wconf 92' lang='lat' dir='ltr'>ab</span> 
     </span>
     <span class='ocr_line' id='line_1_27' title="bbox 162 1547 1593 1600; baseline -0.004 -9"><span class='ocrx_word' id='word_1_240' title='bbox 162 1552 306 1591; x_wconf 87' lang='lat' dir='ltr'>Aetolis</span> <span class='ocrx_word' id='word_1_241' title='bbox 333 1552 444 1590; x_wconf 89' lang='lat' dir='ltr'>saltu.</span> <span class='ocrx_word' id='word_1_242' title='bbox 495 1563 544 1589; x_wconf 88' lang='lat' dir='ltr'>ne</span> <span class='ocrx_word' id='word_1_243' title='bbox 564 1556 696 1589; x_wconf 87' lang='lat' dir='ltr'>tamen</span> <span class='ocrx_word' id='word_1_244' title='bbox 719 1549 849 1600; x_wconf 84' lang='lat' dir='ltr'>segnia</span> <span class='ocrx_word' id='word_1_245' title='bbox 870 1550 1012 1588; x_wconf 81' lang='lat' dir='ltr'>aestiva</span> <span class='ocrx_word' id='word_1_246' title='bbox 1044 1555 1175 1588; x_wconf 88' lang='lat' dir='ltr'>essent</span> <span class='ocrx_word' id='word_1_247' title='bbox 1206 1554 1243 1587; x_wconf 91' lang='lat' dir='ltr'>et</span> <span class='ocrx_word' id='word_1_248' title='bbox 1269 1548 1394 1586; x_wconf 86' lang='lat' dir='ltr'>Aetoli</span> <span class='ocrx_word' id='word_1_249' title='bbox 1414 1559 1496 1586; x_wconf 91' lang='lat' dir='ltr'>non</span> <span class='ocrx_word' id='word_1_250' title='bbox 1516 1547 1593 1586; x_wconf 91' lang='lat' dir='ltr'>im-</span> 
     </span>
    </p>
   </div>
   <div class='ocr_carea' id='block_1_5' title="bbox 154 1661 839 1842">
    <p class='ocr_par' dir='ltr' id='par_1_5' title="bbox 154 1661 839 1842">
     <span class='ocr_line' id='line_1_28' title="bbox 155 1661 838 1705; baseline -0.009 -7"><span class='ocrx_word' id='word_1_251' title='bbox 155 1666 198 1698; x_wconf 84' lang='lat'>45</span> <span class='ocrx_word' id='word_1_252' title='bbox 244 1663 288 1695; x_wconf 87' lang='lat' dir='ltr'>ist</span> <span class='ocrx_word' id='word_1_253' title='bbox 327 1663 412 1694; x_wconf 83' lang='lat' dir='ltr'>nach</span> <span class='ocrx_word' id='word_1_254' title='bbox 447 1661 567 1705; x_wconf 39' lang='lat' dir='ltr'>Polyb,</span> <span class='ocrx_word' id='word_1_255' title='bbox 606 1661 748 1693; x_wconf 79' lang='lat' dir='ltr'>erz&#39;ahlt.</span> <span class='ocrx_word' id='word_1_256' title='bbox 795 1679 838 1684; x_wconf 86' lang='lat'>——</span> 
     </span>
     <span class='ocr_line' id='line_1_29' title="bbox 155 1706 837 1750; baseline -0.007 -8"><span class='ocrx_word' id='word_1_257' title='bbox 155 1712 261 1750; x_wconf 75' lang='lat' dir='ltr'>depop.</span> <span class='ocrx_word' id='word_1_258' title='bbox 283 1728 326 1732; x_wconf 97' lang='lat'><strong>—</strong></span> <span class='ocrx_word' id='word_1_259' title='bbox 346 1716 413 1741; x_wconf 76' lang='lat' dir='ltr'>erat</span> <span class='ocrx_word' id='word_1_260' title='bbox 436 1708 501 1740; x_wconf 82' lang='lat' dir='ltr'>wie</span> <span class='ocrx_word' id='word_1_261' title='bbox 527 1718 553 1739; x_wconf 83' lang='lat' dir='ltr'>e.</span> <span class='ocrx_word' id='word_1_262' title='bbox 582 1709 636 1748; x_wconf 80' lang='grc'>28,</span> <span class='ocrx_word' id='word_1_263' title='bbox 662 1709 693 1747; x_wconf 83' lang='grc'>4,</span> <span class='ocrx_word' id='word_1_264' title='bbox 715 1706 837 1749; x_wconf 81' lang='lat' dir='ltr'>passiv,</span> 
     </span>
     <span class='ocr_line' id='line_1_30' title="bbox 154 1753 837 1796; baseline -0.003 -10"><span class='ocrx_word' id='word_1_265' title='bbox 154 1755 220 1787; x_wconf 78' lang='lat' dir='ltr'>wie</span> <span class='ocrx_word' id='word_1_266' title='bbox 245 1765 279 1786; x_wconf 91' lang='lat' dir='ltr'>es</span> <span class='ocrx_word' id='word_1_267' title='bbox 305 1754 387 1795; x_wconf 87' lang='lat' dir='ltr'>sich,</span> <span class='ocrx_word' id='word_1_268' title='bbox 419 1755 476 1785; x_wconf 89' lang='lat' dir='ltr'>das</span> <span class='ocrx_word' id='word_1_269' title='bbox 494 1753 610 1796; x_wconf 86' lang='lat' dir='ltr'>partic.</span> <span class='ocrx_word' id='word_1_270' title='bbox 629 1757 733 1795; x_wconf 84' lang='lat' dir='ltr'>praet.</span> <span class='ocrx_word' id='word_1_271' title='bbox 757 1763 837 1784; x_wconf 85' lang='lat' dir='ltr'>aus-</span> 
     </span>
     <span class='ocr_line' id='line_1_31' title="bbox 159 1798 839 1842; baseline -0.004 -10"><span class='ocrx_word' id='word_1_272' title='bbox 159 1810 362 1842; x_wconf 80' lang='lat' dir='ltr'>genommen,</span> <span class='ocrx_word' id='word_1_273' title='bbox 390 1799 443 1831; x_wconf 87' lang='lat' dir='ltr'>bei</span> <span class='ocrx_word' id='word_1_274' title='bbox 468 1799 531 1831; x_wconf 88' lang='lat' dir='ltr'>den</span> <span class='ocrx_word' id='word_1_275' title='bbox 556 1798 710 1831; x_wconf 87' lang='lat' dir='ltr'>friiheren</span> <span class='ocrx_word' id='word_1_276' title='bbox 743 1798 839 1830; x_wconf 84' lang='lat' dir='ltr'>Clas-</span> 
     </span>
    </p>
   </div>
   <div class='ocr_carea' id='block_1_6' title="bbox 154 1844 873 1878">
    <p class='ocr_par' dir='ltr' id='par_1_6' title="bbox 154 1844 873 1878">
     <span class='ocr_line' id='line_1_32' title="bbox 154 1844 873 1878; baseline -0.004 0"><span class='ocrx_word' id='word_1_277' title='bbox 154 1847 269 1878; x_wconf 88' lang='lat' dir='ltr'>sikern</span> <span class='ocrx_word' id='word_1_278' title='bbox 297 1845 390 1877; x_wconf 88' lang='lat' dir='ltr'>nicht</span> <span class='ocrx_word' id='word_1_279' title='bbox 422 1845 533 1877; x_wconf 89' lang='lat' dir='ltr'>findet.</span> <span class='ocrx_word' id='word_1_280' title='bbox 558 1862 603 1867; x_wconf 90' lang='lat'>—</span> <span class='ocrx_word' id='word_1_281' title='bbox 627 1844 687 1876; x_wconf 87' lang='lat' dir='ltr'>Die</span> <span class='ocrx_word' id='word_1_282' title='bbox 706 1844 840 1876; x_wconf 69' lang='lat' dir='ltr'>Aehaer</span> <span class='ocrx_word' id='word_1_283' title='bbox 859 1850 873 1861; x_wconf 77' lang='grc'>’</span> 
     </span>
    </p>
   </div>
   <div class='ocr_carea' id='block_1_7' title="bbox 154 1889 839 2617">
    <p class='ocr_par' dir='ltr' id='par_1_7' title="bbox 154 1889 839 2617">
     <span class='ocr_line' id='line_1_33' title="bbox 157 1889 838 1924; baseline -0.004 0"><span class='ocrx_word' id='word_1_284' title='bbox 157 1891 315 1924; x_wconf 88' lang='lat' dir='ltr'>scheinen</span> <span class='ocrx_word' id='word_1_285' title='bbox 340 1892 424 1923; x_wconf 88' lang='lat' dir='ltr'>nach</span> <span class='ocrx_word' id='word_1_286' title='bbox 449 1889 578 1922; x_wconf 85' lang='lat' dir='ltr'>Ablauf</span> <span class='ocrx_word' id='word_1_287' title='bbox 601 1890 656 1922; x_wconf 88' lang='lat' dir='ltr'>des</span> <span class='ocrx_word' id='word_1_288' title='bbox 684 1889 838 1922; x_wconf 87' lang='lat' dir='ltr'>Waffen-</span> 
     </span>
     <span class='ocr_line' id='line_1_34' title="bbox 154 1935 837 1976; baseline -0.004 -7"><span class='ocrx_word' id='word_1_289' title='bbox 154 1937 364 1970; x_wconf 84' lang='lat' dir='ltr'>stillstandes</span> <span class='ocrx_word' id='word_1_290' title='bbox 422 1936 474 1968; x_wconf 87' lang='lat' dir='ltr'>die</span> <span class='ocrx_word' id='word_1_291' title='bbox 533 1935 837 1976; x_wconf 82' lang='lat' dir='ltr'>Feindseligkciten</span> 
     </span>
     <span class='ocr_line' id='line_1_35' title="bbox 156 1982 837 2021; baseline -0.003 -6"><span class='ocrx_word' id='word_1_292' title='bbox 156 1983 284 2015; x_wconf 83' lang='lat' dir='ltr'>wieder</span> <span class='ocrx_word' id='word_1_293' title='bbox 311 1983 452 2015; x_wconf 82' lang='lat' dir='ltr'>ero&#39;ffnet</span> <span class='ocrx_word' id='word_1_294' title='bbox 472 1993 512 2013; x_wconf 90' lang='lat' dir='ltr'>zu</span> <span class='ocrx_word' id='word_1_295' title='bbox 536 1982 654 2014; x_wconf 86' lang='lat' dir='ltr'>haben.</span> <span class='ocrx_word' id='word_1_296' title='bbox 683 1996 722 2001; x_wconf 87' lang='lat'>—</span> <span class='ocrx_word' id='word_1_297' title='bbox 743 1984 837 2021; x_wconf 73' lang='lat' dir='ltr'>peri-</span> 
     </span>
     <span class='ocr_line' id='line_1_36' title="bbox 156 2028 837 2070; baseline -0.001 -10"><span class='ocrx_word' id='word_1_298' title='bbox 156 2032 230 2070; x_wconf 78' lang='lat' dir='ltr'>culi,</span> <span class='ocrx_word' id='word_1_299' title='bbox 260 2039 324 2060; x_wconf 87' lang='lat' dir='ltr'>von</span> <span class='ocrx_word' id='word_1_300' title='bbox 352 2029 414 2060; x_wconf 89' lang='lat' dir='ltr'>den</span> <span class='ocrx_word' id='word_1_301' title='bbox 435 2028 586 2060; x_wconf 69' lang='lat' dir='ltr'>Riimern.</span> <span class='ocrx_word' id='word_1_302' title='bbox 613 2046 655 2050; x_wconf 86' lang='lat'>—</span> <span class='ocrx_word' id='word_1_303' title='bbox 683 2030 837 2067; x_wconf 74' lang='lat' dir='ltr'>Coracem,</span> 
     </span>
     <span class='ocr_line' id='line_1_37' title="bbox 158 2072 838 2115; baseline -0.004 -8"><span class='ocrx_word' id='word_1_304' title='bbox 158 2076 211 2114; x_wconf 84' lang='grc'>36,</span> <span class='ocrx_word' id='word_1_305' title='bbox 247 2076 300 2115; x_wconf 87' lang='grc'>30,</span> <span class='ocrx_word' id='word_1_306' title='bbox 333 2076 364 2107; x_wconf 90' lang='grc'>4.</span> <span class='ocrx_word' id='word_1_307' title='bbox 396 2092 433 2097; x_wconf 89' lang='grc'><strong>-</strong></span> <span class='ocrx_word' id='word_1_308' title='bbox 460 2075 550 2106; x_wconf 74' lang='lat' dir='ltr'>redit.</span> <span class='ocrx_word' id='word_1_309' title='bbox 584 2084 658 2113; x_wconf 70' lang='lat' dir='ltr'>esse,</span> <span class='ocrx_word' id='word_1_310' title='bbox 694 2072 745 2105; x_wconf 87' lang='lat' dir='ltr'>die</span> <span class='ocrx_word' id='word_1_311' title='bbox 775 2073 838 2104; x_wconf 83' lang='lat' dir='ltr'>Be-</span> 
     </span>
     <span class='ocr_line' id='line_1_38' title="bbox 155 2118 838 2161; baseline -0.001 -10"><span class='ocrx_word' id='word_1_312' title='bbox 155 2120 317 2161; x_wconf 84' lang='lat' dir='ltr'>lagerung</span> <span class='ocrx_word' id='word_1_313' title='bbox 340 2119 386 2152; x_wconf 86' lang='lat' dir='ltr'>ist</span> <span class='ocrx_word' id='word_1_314' title='bbox 412 2118 619 2161; x_wconf 84' lang='lat' dir='ltr'>aufgehoben</span> <span class='ocrx_word' id='word_1_315' title='bbox 645 2120 698 2158; x_wconf 86' lang='lat'>36,</span> <span class='ocrx_word' id='word_1_316' title='bbox 730 2120 784 2159; x_wconf 84' lang='lat'>35,</span> <span class='ocrx_word' id='word_1_317' title='bbox 809 2120 838 2151; x_wconf 90' lang='lat'>6.</span> 
     </span>
     <span class='ocr_line' id='line_1_39' title="bbox 155 2166 836 2207; baseline -0.003 -10"><span class='ocrx_word' id='word_1_318' title='bbox 155 2183 200 2188; x_wconf 91' lang='lat'>—</span> <span class='ocrx_word' id='word_1_319' title='bbox 227 2172 286 2198; x_wconf 75' lang='lat' dir='ltr'>sat.</span> <span class='ocrx_word' id='word_1_320' title='bbox 311 2168 382 2206; x_wconf 60' lang='lat' dir='ltr'>vis„</span> <span class='ocrx_word' id='word_1_321' title='bbox 410 2167 463 2204; x_wconf 75' lang='lat'>34,</span> <span class='ocrx_word' id='word_1_322' title='bbox 489 2166 542 2205; x_wconf 82' lang='lat'>49,</span> <span class='ocrx_word' id='word_1_323' title='bbox 577 2167 615 2207; x_wconf 75' lang='lat'>23</span> <span class='ocrx_word' id='word_1_324' title='bbox 642 2174 669 2197; x_wconf 81' lang='lat' dir='ltr'>c,</span> <span class='ocrx_word' id='word_1_325' title='bbox 697 2166 752 2203; x_wconf 85' lang='lat'>26,</span> <span class='ocrx_word' id='word_1_326' title='bbox 781 2166 836 2198; x_wconf 83' lang='lat'>13:</span> 
     </span>
     <span class='ocr_line' id='line_1_40' title="bbox 155 2209 837 2251; baseline 0 -8"><span class='ocrx_word' id='word_1_327' title='bbox 155 2214 258 2244; x_wconf 73' lang='lat' dir='ltr'>satius</span> <span class='ocrx_word' id='word_1_328' title='bbox 281 2223 352 2243; x_wconf 76' lang='lat' dir='ltr'>esse.</span> <span class='ocrx_word' id='word_1_329' title='bbox 379 2229 422 2233; x_wconf 87' lang='lat'>-</span> <span class='ocrx_word' id='word_1_330' title='bbox 440 2213 588 2243; x_wconf 78' lang='lat' dir='ltr'>Lamiam</span> <span class='ocrx_word' id='word_1_331' title='bbox 614 2209 680 2251; x_wconf 80' lang='lat' dir='ltr'>vgl.</span> <span class='ocrx_word' id='word_1_332' title='bbox 707 2212 762 2251; x_wconf 87' lang='grc'>36,</span> <span class='ocrx_word' id='word_1_333' title='bbox 783 2211 837 2250; x_wconf 81' lang='lat'>25,</span> 
     </span>
     <span class='ocr_line' id='line_1_41' title="bbox 158 2255 837 2290; baseline -0.003 -1"><span class='ocrx_word' id='word_1_334' title='bbox 158 2259 188 2290; x_wconf 82' lang='lat'>8.</span> <span class='ocrx_word' id='word_1_335' title='bbox 213 2275 257 2279; x_wconf 98' lang='lat'><strong>—</strong></span> <span class='ocrx_word' id='word_1_336' title='bbox 281 2259 378 2289; x_wconf 72' lang='lat' dir='ltr'>excid.</span> <span class='ocrx_word' id='word_1_337' title='bbox 407 2256 493 2288; x_wconf 84' lang='lat' dir='ltr'>wird</span> <span class='ocrx_word' id='word_1_338' title='bbox 519 2260 611 2288; x_wconf 85' lang='lat' dir='ltr'>sonst</span> <span class='ocrx_word' id='word_1_339' title='bbox 630 2266 695 2287; x_wconf 77' lang='lat' dir='ltr'>von</span> <span class='ocrx_word' id='word_1_340' title='bbox 717 2255 751 2287; x_wconf 91' lang='lat' dir='ltr'>L.</span> <span class='ocrx_word' id='word_1_341' title='bbox 773 2266 837 2287; x_wconf 72' lang='lat' dir='ltr'>von</span> 
     </span>
     <span class='ocr_line' id='line_1_42' title="bbox 157 2302 837 2345; baseline -0.001 -11"><span class='ocrx_word' id='word_1_342' title='bbox 157 2302 217 2334; x_wconf 89' lang='lat' dir='ltr'>den</span> <span class='ocrx_word' id='word_1_343' title='bbox 255 2302 396 2334; x_wconf 78' lang='lat' dir='ltr'>St&#39;adten</span> <span class='ocrx_word' id='word_1_344' title='bbox 432 2307 568 2345; x_wconf 74' lang='lat' dir='ltr'>gesagt3</span> <span class='ocrx_word' id='word_1_345' title='bbox 606 2302 689 2333; x_wconf 85' lang='lat' dir='ltr'>auch</span> <span class='ocrx_word' id='word_1_346' title='bbox 729 2312 771 2333; x_wconf 84' lang='lat' dir='ltr'>an</span> <span class='ocrx_word' id='word_1_347' title='bbox 807 2313 837 2334; x_wconf 94' lang='lat' dir='ltr'>u.</span> 
     </span>
     <span class='ocr_line' id='line_1_43' title="bbox 157 2347 838 2380; baseline -0.001 -1"><span class='ocrx_word' id='word_1_348' title='bbox 157 2347 205 2379; x_wconf 91' lang='lat' dir='ltr'>St.</span> <span class='ocrx_word' id='word_1_349' title='bbox 230 2347 275 2380; x_wconf 90' lang='lat' dir='ltr'>ist</span> <span class='ocrx_word' id='word_1_350' title='bbox 300 2348 368 2379; x_wconf 87' lang='lat' dir='ltr'>wol</span> <span class='ocrx_word' id='word_1_351' title='bbox 392 2349 485 2380; x_wconf 88' lang='lat' dir='ltr'>mehr</span> <span class='ocrx_word' id='word_1_352' title='bbox 508 2357 550 2379; x_wconf 88' lang='lat' dir='ltr'>an</span> <span class='ocrx_word' id='word_1_353' title='bbox 581 2347 696 2379; x_wconf 83' lang='lat' dir='ltr'>Lamia</span> <span class='ocrx_word' id='word_1_354' title='bbox 720 2347 770 2379; x_wconf 90' lang='lat' dir='ltr'>als</span> <span class='ocrx_word' id='word_1_355' title='bbox 796 2357 838 2378; x_wconf 89' lang='lat' dir='ltr'>an</span> 
     </span>
     <span class='ocr_line' id='line_1_44' title="bbox 158 2393 837 2431; baseline -0.001 -6"><span class='ocrx_word' id='word_1_356' title='bbox 158 2393 210 2425; x_wconf 84' lang='lat' dir='ltr'>die</span> <span class='ocrx_word' id='word_1_357' title='bbox 239 2394 423 2425; x_wconf 81' lang='lat' dir='ltr'>Bewohner</span> <span class='ocrx_word' id='word_1_358' title='bbox 450 2404 490 2425; x_wconf 92' lang='lat' dir='ltr'>zu</span> <span class='ocrx_word' id='word_1_359' title='bbox 508 2393 647 2425; x_wconf 88' lang='lat' dir='ltr'>denken.</span> <span class='ocrx_word' id='word_1_360' title='bbox 674 2412 718 2415; x_wconf 97' lang='lat'><strong>—</strong></span> <span class='ocrx_word' id='word_1_361' title='bbox 742 2395 837 2431; x_wconf 61' lang='lat' dir='ltr'>Elat„</span> 
     </span>
     <span class='ocr_line' id='line_1_45' title="bbox 161 2438 839 2479; baseline -0.004 -7"><span class='ocrx_word' id='word_1_362' title='bbox 161 2440 214 2479; x_wconf 82' lang='lat'>32,</span> <span class='ocrx_word' id='word_1_363' title='bbox 244 2440 296 2479; x_wconf 84' lang='lat'>18,</span> <span class='ocrx_word' id='word_1_364' title='bbox 325 2440 354 2472; x_wconf 83' lang='lat'>9.</span> <span class='ocrx_word' id='word_1_365' title='bbox 380 2457 424 2461; x_wconf 77' lang='lat'>——</span> <span class='ocrx_word' id='word_1_366' title='bbox 448 2441 527 2471; x_wconf 73' lang='lat' dir='ltr'>host.</span> <span class='ocrx_word' id='word_1_367' title='bbox 548 2439 726 2479; x_wconf 78' lang='lat' dir='ltr'>terra;das</span> <span class='ocrx_word' id='word_1_368' title='bbox 747 2438 839 2470; x_wconf 87' lang='lat' dir='ltr'>Laud</span> 
     </span>
     <span class='ocr_line' id='line_1_46' title="bbox 159 2484 838 2526; baseline 0 -10"><span class='ocrx_word' id='word_1_369' title='bbox 159 2494 211 2515; x_wconf 84' lang='lat' dir='ltr'>am</span> <span class='ocrx_word' id='word_1_370' title='bbox 244 2484 426 2526; x_wconf 85' lang='lat' dir='ltr'>Spercheus</span> <span class='ocrx_word' id='word_1_371' title='bbox 458 2484 516 2522; x_wconf 85' lang='lat' dir='ltr'>ist,</span> <span class='ocrx_word' id='word_1_372' title='bbox 551 2485 615 2516; x_wconf 83' lang='lat' dir='ltr'>wie</span> <span class='ocrx_word' id='word_1_373' title='bbox 650 2485 753 2516; x_wconf 80' lang='lat' dir='ltr'>sehon</span> <span class='ocrx_word' id='word_1_374' title='bbox 786 2484 838 2516; x_wconf 82' lang='lat' dir='ltr'>die</span> 
     </span>
     <span class='ocr_line' id='line_1_47' title="bbox 160 2529 837 2573; baseline 0.004 -13"><span class='ocrx_word' id='word_1_375' title='bbox 160 2529 375 2572; x_wconf 84' lang='lat' dir='ltr'>Behauptung</span> <span class='ocrx_word' id='word_1_376' title='bbox 400 2541 464 2561; x_wconf 72' lang='lat' dir='ltr'>von</span> <span class='ocrx_word' id='word_1_377' title='bbox 482 2530 625 2573; x_wconf 64' lang='lat' dir='ltr'>Hypata,</span> <span class='ocrx_word' id='word_1_378' title='bbox 652 2542 677 2563; x_wconf 87' lang='lat' dir='ltr'>s.</span> <span class='ocrx_word' id='word_1_379' title='bbox 710 2531 763 2570; x_wconf 84' lang='lat'>36,</span> <span class='ocrx_word' id='word_1_380' title='bbox 786 2531 837 2569; x_wconf 87' lang='lat'>16,</span> 
     </span>
     <span class='ocr_line' id='line_1_48' title="bbox 158 2575 440 2617; baseline 0.004 -11"><span class='ocrx_word' id='word_1_381' title='bbox 158 2575 258 2617; x_wconf 86' lang='lat' dir='ltr'>zeigt,</span> <span class='ocrx_word' id='word_1_382' title='bbox 288 2575 440 2607; x_wconf 62' lang='lat' dir='ltr'>titoliseh.</span> 
     </span>
    </p>
   </div>
   <div class='ocr_carea' id='block_1_8' title="bbox 901 1658 1594 2617">
    <p class='ocr_par' dir='ltr' id='par_1_8' title="bbox 901 1658 1594 2478">
     <span class='ocr_line' id='line_1_49' title="bbox 957 1658 1593 1697; baseline -0.005 -3"><span class='ocrx_word' id='word_1_383' title='bbox 957 1660 994 1697; x_wconf 86' lang='lat'>5.</span> <span class='ocrx_word' id='word_1_384' title='bbox 1044 1662 1137 1694; x_wconf 88' lang='lat'>1—3.</span> <span class='ocrx_word' id='word_1_385' title='bbox 1394 1658 1593 1692; x_wconf 77' lang='lat' dir='ltr'>potentialis</span> 
     </span>
     <span class='ocr_line' id='line_1_50' title="bbox 909 1704 1591 1748; baseline -0.004 -9"><span class='ocrx_word' id='word_1_386' title='bbox 909 1707 967 1739; x_wconf 88' lang='lat' dir='ltr'>der</span> <span class='ocrx_word' id='word_1_387' title='bbox 1007 1706 1293 1748; x_wconf 76' lang='lat' dir='ltr'>Vergaugenheit,</span> <span class='ocrx_word' id='word_1_388' title='bbox 1333 1704 1397 1737; x_wconf 85' lang='lat' dir='ltr'>wie</span> <span class='ocrx_word' id='word_1_389' title='bbox 1434 1707 1591 1738; x_wconf 74' lang='lat' dir='ltr'>crederes:</span> 
     </span>
     <span class='ocr_line' id='line_1_51' title="bbox 908 1752 1591 1794; baseline -0.001 -10"><span class='ocrx_word' id='word_1_390' title='bbox 908 1753 1003 1784; x_wconf 72' lang='lat' dir='ltr'>hatte</span> <span class='ocrx_word' id='word_1_391' title='bbox 1029 1752 1171 1794; x_wconf 86' lang='lat' dir='ltr'>glauben</span> <span class='ocrx_word' id='word_1_392' title='bbox 1205 1752 1344 1783; x_wconf 80' lang='lat' dir='ltr'>ko&#39;nneu.</span> <span class='ocrx_word' id='word_1_393' title='bbox 1373 1769 1416 1773; x_wconf 84' lang='lat'>-—</span> <span class='ocrx_word' id='word_1_394' title='bbox 1441 1758 1476 1783; x_wconf 72' lang='lat' dir='ltr'>ut</span> <span class='ocrx_word' id='word_1_395' title='bbox 1504 1754 1539 1783; x_wconf 58' lang='grc' dir='ltr'>ἐπ</span> <span class='ocrx_word' id='word_1_396' title='bbox 1564 1762 1591 1783; x_wconf 80' lang='lat' dir='ltr'>r.</span> 
     </span>
     <span class='ocr_line' id='line_1_52' title="bbox 908 1797 1592 1839; baseline -0.004 -8"><span class='ocrx_word' id='word_1_397' title='bbox 908 1805 960 1839; x_wconf 55' lang='lat' dir='ltr'>tr„</span> <span class='ocrx_word' id='word_1_398' title='bbox 987 1800 1041 1839; x_wconf 79' lang='lat'>35,</span> <span class='ocrx_word' id='word_1_399' title='bbox 1070 1799 1122 1837; x_wconf 75' lang='lat'>27,</span> <span class='ocrx_word' id='word_1_400' title='bbox 1151 1799 1188 1838; x_wconf 71' lang='grc' dir='ltr'>ὃς</span> <span class='ocrx_word' id='word_1_401' title='bbox 1218 1799 1273 1838; x_wconf 83' lang='grc'>22,</span> <span class='ocrx_word' id='word_1_402' title='bbox 1307 1799 1337 1837; x_wconf 82' lang='grc'>5,</span> <span class='ocrx_word' id='word_1_403' title='bbox 1376 1799 1405 1835; x_wconf 91' lang='grc'>1,</span> <span class='ocrx_word' id='word_1_404' title='bbox 1441 1797 1592 1838; x_wconf 82' lang='lat' dir='ltr'>dagegen</span> 
     </span>
     <span class='ocr_line' id='line_1_53' title="bbox 908 1842 1593 1883; baseline -0.001 -7"><span class='ocrx_word' id='word_1_405' title='bbox 908 1847 943 1876; x_wconf 73' lang='lat' dir='ltr'>in</span> <span class='ocrx_word' id='word_1_406' title='bbox 967 1851 1031 1876; x_wconf 81' lang='lat' dir='ltr'>tam</span> <span class='ocrx_word' id='word_1_407' title='bbox 1056 1857 1079 1876; x_wconf 81' lang='lat' dir='ltr'>s.</span> <span class='ocrx_word' id='word_1_408' title='bbox 1099 1855 1169 1883; x_wconf 77' lang='lat' dir='ltr'>per.</span> <span class='ocrx_word' id='word_1_409' title='bbox 1197 1842 1378 1875; x_wconf 77' lang='lat' dir='ltr'>concessiv.</span> <span class='ocrx_word' id='word_1_410' title='bbox 1400 1860 1443 1864; x_wconf 87' lang='lat'>—</span> <span class='ocrx_word' id='word_1_411' title='bbox 1461 1854 1532 1875; x_wconf 77' lang='lat' dir='ltr'>cum</span> <span class='ocrx_word' id='word_1_412' title='bbox 1548 1860 1593 1864; x_wconf 92' lang='lat'>-—</span> 
     </span>
     <span class='ocr_line' id='line_1_54' title="bbox 906 1888 1589 1932; baseline -0.001 -10"><span class='ocrx_word' id='word_1_413' title='bbox 906 1902 1018 1932; x_wconf 64' lang='lat' dir='ltr'>yerer„</span> <span class='ocrx_word' id='word_1_414' title='bbox 1055 1890 1173 1928; x_wconf 83' lang='lat' dir='ltr'>indem,</span> <span class='ocrx_word' id='word_1_415' title='bbox 1214 1889 1361 1920; x_wconf 86' lang='lat' dir='ltr'>dadurch</span> <span class='ocrx_word' id='word_1_416' title='bbox 1403 1888 1488 1929; x_wconf 80' lang='lat' dir='ltr'>dass,</span> <span class='ocrx_word' id='word_1_417' title='bbox 1534 1889 1589 1927; x_wconf 88' lang='lat'>28,</span> 
     </span>
     <span class='ocr_line' id='line_1_55' title="bbox 913 1935 1588 1976; baseline -0.006 -7"><span class='ocrx_word' id='word_1_418' title='bbox 913 1938 964 1976; x_wconf 71' lang='lat'>19,</span> <span class='ocrx_word' id='word_1_419' title='bbox 998 1937 1057 1976; x_wconf 77' lang='lat'>133</span> <span class='ocrx_word' id='word_1_420' title='bbox 1084 1937 1115 1976; x_wconf 85' lang='lat'>3,</span> <span class='ocrx_word' id='word_1_421' title='bbox 1142 1936 1196 1975; x_wconf 72' lang='lat'>46,</span> <span class='ocrx_word' id='word_1_422' title='bbox 1218 1935 1248 1967; x_wconf 86' lang='lat'>2.</span> <span class='ocrx_word' id='word_1_423' title='bbox 1267 1953 1309 1956; x_wconf 91' lang='lat'><em>-</em></span> <span class='ocrx_word' id='word_1_424' title='bbox 1328 1937 1393 1966; x_wconf 77' lang='lat' dir='ltr'>iam</span> <span class='ocrx_word' id='word_1_425' title='bbox 1411 1952 1454 1955; x_wconf 94' lang='lat'><strong>—</strong></span> <span class='ocrx_word' id='word_1_426' title='bbox 1471 1945 1588 1974; x_wconf 63' lang='lat' dir='ltr'>appos„</span> 
     </span>
     <span class='ocr_line' id='line_1_56' title="bbox 909 1979 1592 2013; baseline -0.001 0"><span class='ocrx_word' id='word_1_427' title='bbox 909 1982 961 2013; x_wconf 87' lang='lat' dir='ltr'>ein</span> <span class='ocrx_word' id='word_1_428' title='bbox 1007 1991 1109 2013; x_wconf 88' lang='lat' dir='ltr'>neuer</span> <span class='ocrx_word' id='word_1_429' title='bbox 1146 1979 1303 2012; x_wconf 86' lang='lat' dir='ltr'>Umstaud</span> <span class='ocrx_word' id='word_1_430' title='bbox 1339 1979 1444 2012; x_wconf 89' lang='lat' dir='ltr'>neben</span> <span class='ocrx_word' id='word_1_431' title='bbox 1487 1982 1522 2012; x_wconf 75' lang='lat' dir='ltr'>in</span> <span class='ocrx_word' id='word_1_432' title='bbox 1549 1997 1592 2001; x_wconf 89' lang='lat'><strong>—</strong></span> 
     </span>
     <span class='ocr_line' id='line_1_57' title="bbox 901 2025 1593 2067; baseline -0.004 -8"><span class='ocrx_word' id='word_1_433' title='bbox 901 2029 1057 2067; x_wconf 71' lang='lat' dir='ltr'>periculo,</span> <span class='ocrx_word' id='word_1_434' title='bbox 1083 2027 1143 2059; x_wconf 86' lang='lat' dir='ltr'>der</span> <span class='ocrx_word' id='word_1_435' title='bbox 1168 2026 1220 2058; x_wconf 88' lang='lat' dir='ltr'>die</span> <span class='ocrx_word' id='word_1_436' title='bbox 1246 2025 1513 2067; x_wconf 82' lang='lat' dir='ltr'>Vertheidiguug</span> <span class='ocrx_word' id='word_1_437' title='bbox 1538 2035 1593 2057; x_wconf 87' lang='lat' dir='ltr'>um</span> 
     </span>
     <span class='ocr_line' id='line_1_58' title="bbox 908 2071 1593 2113; baseline -0.001 -9"><span class='ocrx_word' id='word_1_438' title='bbox 908 2083 945 2104; x_wconf 86' lang='lat' dir='ltr'>so</span> <span class='ocrx_word' id='word_1_439' title='bbox 976 2072 1125 2113; x_wconf 81' lang='lat' dir='ltr'>weniger</span> <span class='ocrx_word' id='word_1_440' title='bbox 1158 2075 1326 2103; x_wconf 81' lang='lat' dir='ltr'>erwarten</span> <span class='ocrx_word' id='word_1_441' title='bbox 1371 2071 1460 2103; x_wconf 85' lang='lat' dir='ltr'>liess.</span> <span class='ocrx_word' id='word_1_442' title='bbox 1485 2089 1529 2093; x_wconf 90' lang='lat'>--</span> <span class='ocrx_word' id='word_1_443' title='bbox 1564 2077 1593 2103; x_wconf 78' lang='lat' dir='ltr'>et</span> 
     </span>
     <span class='ocr_line' id='line_1_59' title="bbox 908 2116 1594 2159; baseline -0.001 -9"><span class='ocrx_word' id='word_1_444' title='bbox 908 2125 1002 2158; x_wconf 70' lang='grc' dir='ltr'>ιιιησς</span> <span class='ocrx_word' id='word_1_445' title='bbox 1040 2119 1082 2150; x_wconf 89' lang='lat' dir='ltr'>da</span> <span class='ocrx_word' id='word_1_446' title='bbox 1131 2118 1253 2149; x_wconf 81' lang='lat' dir='ltr'>andere</span> <span class='ocrx_word' id='word_1_447' title='bbox 1292 2116 1361 2149; x_wconf 84' lang='lat' dir='ltr'>Hss.</span> <span class='ocrx_word' id='word_1_448' title='bbox 1398 2124 1427 2149; x_wconf 78' lang='lat' dir='ltr'>et</span> <span class='ocrx_word' id='word_1_449' title='bbox 1465 2118 1594 2159; x_wconf 77' lang='lat' dir='ltr'>quidem</span> 
     </span>
     <span class='ocr_line' id='line_1_60' title="bbox 907 2163 1594 2204; baseline -0.003 -8"><span class='ocrx_word' id='word_1_450' title='bbox 907 2164 1027 2204; x_wconf 83' lang='lat' dir='ltr'>haben,</span> <span class='ocrx_word' id='word_1_451' title='bbox 1054 2175 1090 2196; x_wconf 89' lang='lat' dir='ltr'>so</span> <span class='ocrx_word' id='word_1_452' title='bbox 1116 2164 1161 2195; x_wconf 83' lang='lat' dir='ltr'>ist</span> <span class='ocrx_word' id='word_1_453' title='bbox 1188 2163 1280 2195; x_wconf 84' lang='lat' dir='ltr'>viell.</span> <span class='ocrx_word' id='word_1_454' title='bbox 1314 2169 1343 2196; x_wconf 71' lang='lat' dir='ltr'>ee</span> <span class='ocrx_word' id='word_1_455' title='bbox 1366 2169 1442 2195; x_wconf 78' lang='lat' dir='ltr'>tune</span> <span class='ocrx_word' id='word_1_456' title='bbox 1466 2164 1594 2204; x_wconf 79' lang='lat' dir='ltr'>quidem</span> 
     </span>
     <span class='ocr_line' id='line_1_61' title="bbox 908 2210 1593 2251; baseline -0.001 -10"><span class='ocrx_word' id='word_1_457' title='bbox 908 2220 948 2242; x_wconf 89' lang='lat' dir='ltr'>zu</span> <span class='ocrx_word' id='word_1_458' title='bbox 972 2210 1075 2249; x_wconf 80' lang='lat' dir='ltr'>lesen,</span> <span class='ocrx_word' id='word_1_459' title='bbox 1101 2210 1169 2251; x_wconf 74' lang='lat' dir='ltr'>vgl.</span> <span class='ocrx_word' id='word_1_460' title='bbox 1197 2211 1228 2249; x_wconf 88' lang='lat'>2,</span> <span class='ocrx_word' id='word_1_461' title='bbox 1263 2210 1293 2249; x_wconf 90' lang='grc'>2,</span> <span class='ocrx_word' id='word_1_462' title='bbox 1332 2212 1361 2242; x_wconf 85' lang='grc'>9,</span> <span class='ocrx_word' id='word_1_463' title='bbox 1388 2227 1432 2231; x_wconf 95' lang='lat'>—</span> <span class='ocrx_word' id='word_1_464' title='bbox 1457 2214 1593 2248; x_wconf 79' lang='lat' dir='ltr'>praetor.</span> 
     </span>
     <span class='ocr_line' id='line_1_62' title="bbox 907 2255 1591 2298; baseline -0.001 -10"><span class='ocrx_word' id='word_1_465' title='bbox 907 2258 995 2296; x_wconf 62' lang='lat' dir='ltr'>dim„</span> <span class='ocrx_word' id='word_1_466' title='bbox 1021 2257 1076 2298; x_wconf 84' lang='lat'>21,</span> <span class='ocrx_word' id='word_1_467' title='bbox 1096 2258 1149 2294; x_wconf 77' lang='lat'>54,</span> <span class='ocrx_word' id='word_1_468' title='bbox 1172 2256 1203 2287; x_wconf 83' lang='lat'>3.</span> <span class='ocrx_word' id='word_1_469' title='bbox 1225 2272 1269 2277; x_wconf 92' lang='lat'>-—</span> <span class='ocrx_word' id='word_1_470' title='bbox 1285 2257 1352 2286; x_wconf 77' lang='lat' dir='ltr'>nisi</span> <span class='ocrx_word' id='word_1_471' title='bbox 1368 2265 1435 2294; x_wconf 77' lang='lat' dir='ltr'>exp.</span> <span class='ocrx_word' id='word_1_472' title='bbox 1458 2256 1540 2293; x_wconf 66' lang='lat' dir='ltr'>urb„</span> <span class='ocrx_word' id='word_1_473' title='bbox 1563 2255 1591 2293; x_wconf 91' lang='lat'>1,</span> 
     </span>
     <span class='ocr_line' id='line_1_63' title="bbox 910 2298 1594 2341; baseline -0.006 -6"><span class='ocrx_word' id='word_1_474' title='bbox 910 2303 963 2341; x_wconf 83' lang='lat'>51,</span> <span class='ocrx_word' id='word_1_475' title='bbox 998 2303 1025 2333; x_wconf 79' lang='grc' dir='ltr'>Τ.</span> <span class='ocrx_word' id='word_1_476' title='bbox 1048 2319 1091 2324; x_wconf 87' lang='grc'>-</span> <span class='ocrx_word' id='word_1_477' title='bbox 1110 2303 1209 2341; x_wconf 63' lang='lat' dir='ltr'>defle„</span> <span class='ocrx_word' id='word_1_478' title='bbox 1241 2311 1283 2332; x_wconf 84' lang='lat' dir='ltr'>an</span> <span class='ocrx_word' id='word_1_479' title='bbox 1301 2300 1359 2332; x_wconf 86' lang='lat' dir='ltr'>das</span> <span class='ocrx_word' id='word_1_480' title='bbox 1379 2301 1484 2332; x_wconf 84' lang='lat' dir='ltr'>letzte</span> <span class='ocrx_word' id='word_1_481' title='bbox 1511 2298 1594 2331; x_wconf 92' lang='lat' dir='ltr'>Sub-</span> 
     </span>
     <span class='ocr_line' id='line_1_64' title="bbox 905 2346 1590 2388; baseline -0.003 -9"><span class='ocrx_word' id='word_1_482' title='bbox 905 2347 976 2388; x_wconf 84' lang='lat' dir='ltr'>ject</span> <span class='ocrx_word' id='word_1_483' title='bbox 1009 2347 1266 2388; x_wconf 78' lang='lat' dir='ltr'>angeschlosseu</span> <span class='ocrx_word' id='word_1_484' title='bbox 1289 2346 1354 2378; x_wconf 85' lang='lat' dir='ltr'>wie</span> <span class='ocrx_word' id='word_1_485' title='bbox 1386 2356 1412 2377; x_wconf 86' lang='lat' dir='ltr'>c.</span> <span class='ocrx_word' id='word_1_486' title='bbox 1448 2347 1478 2387; x_wconf 81' lang='lat'>9,</span> <span class='ocrx_word' id='word_1_487' title='bbox 1518 2346 1536 2378; x_wconf 92' lang='lat'><strong>3</strong></span> <span class='ocrx_word' id='word_1_488' title='bbox 1561 2356 1590 2377; x_wconf 90' lang='lat' dir='ltr'>u.</span> 
     </span>
     <span class='ocr_line' id='line_1_65' title="bbox 908 2391 1593 2432; baseline 0 -8"><span class='ocrx_word' id='word_1_489' title='bbox 908 2404 937 2424; x_wconf 84' lang='lat' dir='ltr'>a.</span> <span class='ocrx_word' id='word_1_490' title='bbox 964 2411 1007 2414; x_wconf 96' lang='lat'><strong>—</strong></span> <span class='ocrx_word' id='word_1_491' title='bbox 1033 2395 1157 2425; x_wconf 75' lang='lat' dir='ltr'>divend.</span> <span class='ocrx_word' id='word_1_492' title='bbox 1186 2410 1229 2414; x_wconf 87' lang='grc'>--</span> <span class='ocrx_word' id='word_1_493' title='bbox 1260 2394 1334 2432; x_wconf 65' lang='lat' dir='ltr'>div„</span> <span class='ocrx_word' id='word_1_494' title='bbox 1374 2392 1427 2430; x_wconf 82' lang='lat'>35,</span> <span class='ocrx_word' id='word_1_495' title='bbox 1468 2394 1495 2431; x_wconf 80' lang='lat'>1,</span> <span class='ocrx_word' id='word_1_496' title='bbox 1533 2391 1593 2430; x_wconf 78' lang='lat'>123</span> 
     </span>
     <span class='ocr_line' id='line_1_66' title="bbox 909 2436 1590 2478; baseline -0.003 -9"><span class='ocrx_word' id='word_1_497' title='bbox 909 2438 962 2470; x_wconf 86' lang='lat' dir='ltr'>die</span> <span class='ocrx_word' id='word_1_498' title='bbox 976 2437 1074 2469; x_wconf 82' lang='lat' dir='ltr'>stadt</span> <span class='ocrx_word' id='word_1_499' title='bbox 1087 2438 1131 2470; x_wconf 85' lang='lat' dir='ltr'>ist</span> <span class='ocrx_word' id='word_1_500' title='bbox 1157 2437 1206 2470; x_wconf 85' lang='lat' dir='ltr'>als</span> <span class='ocrx_word' id='word_1_501' title='bbox 1231 2440 1265 2470; x_wconf 82' lang='lat' dir='ltr'>vi</span> <span class='ocrx_word' id='word_1_502' title='bbox 1280 2443 1370 2478; x_wconf 77' lang='lat' dir='ltr'>capta</span> <span class='ocrx_word' id='word_1_503' title='bbox 1384 2436 1590 2478; x_wconf 82' lang='lat' dir='ltr'>gepliindert.</span> 
     </span>
    </p>

    <p class='ocr_par' dir='ltr' id='par_1_9' title="bbox 911 2480 1592 2617">
     <span class='ocr_line' id='line_1_67' title="bbox 955 2480 1591 2523; baseline -0.006 -6"><span class='ocrx_word' id='word_1_504' title='bbox 955 2485 1054 2517; x_wconf 75' lang='lat'>4—6.</span> <span class='ocrx_word' id='word_1_505' title='bbox 1080 2487 1124 2517; x_wconf 80' lang='lat' dir='ltr'>ad</span> <span class='ocrx_word' id='word_1_506' title='bbox 1147 2486 1216 2516; x_wconf 80' lang='lat' dir='ltr'>Cor.</span> <span class='ocrx_word' id='word_1_507' title='bbox 1243 2501 1286 2506; x_wconf 76' lang='lat'><em>—</em></span> <span class='ocrx_word' id='word_1_508' title='bbox 1311 2485 1404 2523; x_wconf 69' lang='lat' dir='ltr'>saltu,</span> <span class='ocrx_word' id='word_1_509' title='bbox 1435 2482 1493 2514; x_wconf 88' lang='lat' dir='ltr'>der</span> <span class='ocrx_word' id='word_1_510' title='bbox 1511 2480 1591 2513; x_wconf 87' lang='lat' dir='ltr'>Pass</span> 
     </span>
     <span class='ocr_line' id='line_1_68' title="bbox 911 2527 1592 2570; baseline -0.001 -10"><span class='ocrx_word' id='word_1_511' title='bbox 911 2540 961 2561; x_wconf 89' lang='lat' dir='ltr'>am</span> <span class='ocrx_word' id='word_1_512' title='bbox 989 2529 1074 2570; x_wconf 90' lang='lat' dir='ltr'>Cor.,</span> <span class='ocrx_word' id='word_1_513' title='bbox 1103 2531 1157 2569; x_wconf 84' lang='lat'>36,</span> <span class='ocrx_word' id='word_1_514' title='bbox 1185 2531 1239 2569; x_wconf 85' lang='lat'>30,</span> <span class='ocrx_word' id='word_1_515' title='bbox 1270 2531 1300 2562; x_wconf 83' lang='lat'>5.</span> <span class='ocrx_word' id='word_1_516' title='bbox 1326 2547 1368 2551; x_wconf 91' lang='lat'>—</span> <span class='ocrx_word' id='word_1_517' title='bbox 1392 2530 1520 2569; x_wconf 68' lang='lat' dir='ltr'>aestiva,</span> <span class='ocrx_word' id='word_1_518' title='bbox 1539 2527 1592 2559; x_wconf 83' lang='lat' dir='ltr'>die</span> 
     </span>
     <span class='ocr_line' id='line_1_69' title="bbox 912 2573 1592 2617; baseline -0.004 -10"><span class='ocrx_word' id='word_1_519' title='bbox 912 2586 953 2607; x_wconf 91' lang='lat' dir='ltr'>zu</span> <span class='ocrx_word' id='word_1_520' title='bbox 973 2574 1400 2617; x_wconf 80' lang='lat' dir='ltr'>Hriegsunternehmungeu</span> <span class='ocrx_word' id='word_1_521' title='bbox 1417 2573 1592 2615; x_wconf 80' lang='lat' dir='ltr'>geeignete</span> 
     </span>
    </p>
   </div>
   <div class='ocr_carea' id='block_1_9' title="bbox 1188 1658 1344 1700">
    <p class='ocr_par' dir='ltr' id='par_1_10' title="bbox 1188 1658 1344 1700">
     <span class='ocr_line' id='line_1_70' title="bbox 1188 1658 1344 1700; baseline 0 -8"><span class='ocrx_word' id='word_1_522' title='bbox 1188 1658 1326 1693; x_wconf 54' lang='lat' dir='ltr'>crederet</span> <span class='ocrx_word' id='word_1_523' title='bbox 1336 1684 1344 1700; x_wconf 93' lang='lat'>,</span> 
     </span>
    </p>
   </div>
  </div>
 </body>
</html>
