1747 2841
179 130 265 173 344

576 130 703 165 LIBER
725 129 919 165 XXXVIII.
945 131 1038 164 CAP.
1063 134 1117 167 40.
1145 134 1201 167 41.

1440 138 1466 157 a.
1485 137 1514 157 11.
1536 129 1603 158 566.

182 233 553 285 appropinquantis,
593 234 868 285 impedimenta
897 240 934 273 et
965 234 1135 273 sarcinas
1163 234 1364 281 invadunt,
1406 235 1608 286 caesisque

183 289 410 329 custodibus
435 290 575 341 partim
598 303 660 338 ea,
691 303 789 341 quae
817 290 857 329 in
888 290 1069 342 plaustris
1099 297 1219 338 erant,
1247 292 1434 342 diripere,
1465 291 1605 343 partim

124 355 161 387 11
184 346 257 386 suh
279 346 464 386 oneribus
484 347 656 386 iumenta
678 347 911 386 abstrahere.
933 348 1037 386 unde
1052 353 1257 398 postquam
1273 348 1418 387 clamor
1432 348 1606 399 primum
1639 364 1644 368 ·

183 403 231 443 ad
262 416 341 450 eos,
367 403 434 453 qui
463 404 538 442 iam
563 404 728 454 ingressi
753 404 892 442 saltum
922 404 1208 455 sequebantur,
1249 405 1387 443 deinde
1418 405 1531 444 etiam
1556 404 1604 444 ad

184 460 357 511 primum
378 472 516 510 agmen
539 466 596 499 est
613 461 793 511 perlatus,
816 460 1012 512 utrimque
1033 461 1073 499 in
1096 461 1267 500 medium
1288 462 1547 508 concurritur,
1569 466 1609 500 et

125 523 165 556 12
183 517 450 555 inordinatum
476 516 653 568 pluribus
679 517 794 556 simul
820 517 914 556 locis
942 517 1134 567 proelium
1155 518 1383 557 conseritur.
1414 518 1607 556 Thraecas

184 573 326 624 praeda
357 573 439 623 ipsa
468 574 674 624 impeditos
706 573 890 612 oneribus
921 580 957 612 et
986 574 1206 625 plerosque,
1234 580 1276 613 ut
1305 575 1351 612 ad
1372 569 1604 625 rapiendum

184 642 324 668 vacuas
346 641 486 668 manus
507 630 710 676 haberent,
740 630 910 669 inermes
942 631 987 668 ad
1020 630 1175 669 caedem
1197 630 1374 681 praebet;
1404 632 1603 670 Romanos

183 686 365 736 iniquitas
400 687 578 725 locorum
618 687 791 725 barbaris
831 698 901 737 per
940 687 1051 725 calles
1088 693 1200 726 notas
1238 687 1536 726 obcursantibus
1566 692 1606 724 et

126 748 165 780 13
183 743 388 781 latentibus
408 743 606 782 interdum
626 756 695 794 per
718 756 828 782 cavas
849 744 963 782 valles
983 743 1183 794 prodebat.
1233 744 1316 794 ipsa
1351 744 1463 782 etiam
1487 754 1605 781 onera

184 799 450 850 plaustraque,
500 806 542 838 ut
591 802 673 839 fors
715 801 818 847 tulit,
868 800 928 838 his
966 806 1030 839 aut
1067 800 1140 838 illis
1177 800 1426 839 incommode
1457 799 1605 838 obiecta

183 856 449 907 pugnantibus
469 857 747 908 impedimento
771 862 873 896 sunt.
894 856 981 895 alibi
1003 857 1159 907 praedo,
1179 857 1266 895 alibi
1286 857 1448 908 praedae
1463 855 1604 894 vindex

125 925 166 958 14
185 913 295 951 eadit.
326 919 444 963 prout
471 914 580 952 106115
610 914 768 964 iniquus
798 926 994 964 aequusve
1025 913 1083 952 his
1113 919 1178 952 aut
1200 913 1283 957 illis,
1314 920 1431 964 prout
1453 912 1608 952 animus

183 970 440 1021 pugnantium
465 975 532 1016 est,
549 976 667 1020 prout
688 982 877 1008 numerus
900 993 955 997 -—
975 970 1036 1008 alii
1061 970 1163 1008 enim
1185 969 1373 1021 pluribus,
1394 981 1511 1020 quam
1532 968 1607 1019 ipsi

185 1031 306 1072 erant,
328 1027 387 1064 alii
407 1026 657 1077 paucioribus
679 1032 930 1066 occurrerant
951 1049 1016 1073 ——,
1052 1027 1154 1065 varia
1176 1030 1329 1066 fortuna
1354 1038 1508 1077 pugnae
1528 1031 1606 1072 est3

127 1094 165 1125 15
185 1083 296 1121 multi
316 1083 512 1134 utrimque
534 1084 686 1121 cadunt.
708 1083 784 1121 iam
808 1096 884 1127 nox
906 1083 1117 1134 appetebat,
1140 1096 1230 1121 cum
1246 1084 1393 1134 proelio
1414 1082 1610 1122 excedunt

186 1139 390 1186 Thraeces,
421 1152 502 1177 non
535 1142 626 1190 fuga
658 1140 862 1178 vulnerum
882 1147 947 1178 aut
968 1140 1116 1186 mortis,
1136 1140 1202 1179 sed
1225 1141 1313 1190 quia
1337 1139 1425 1178 satis
1443 1138 1609 1190 praedae
1656 1138 1661 1143 ”

106 1200 164 1240 41
186 1195 389 1234 habebant.
409 1197 680 1235 Romanorum
692 1197 864 1247 primum
875 1209 1014 1247 agmen
1026 1203 1131 1234 extra
1147 1197 1285 1235 saltum
1302 1196 1400 1234 circa
1417 1196 1606 1246 ternplum

185 1253 416 1291 Bendidium
442 1259 563 1291 castra
593 1254 678 1291 loco
703 1259 834 1303 aperto
867 1254 1018 1304 posuit,
1048 1265 1137 1304 pars
1170 1254 1284 1291 altera
1312 1253 1358 1292 ad
1391 1252 1607 1291 custodiam

186 1309 556 1360 impedimentorum
570 1310 697 1348 medio
715 1310 755 1348 in
772 1310 880 1357 saltu,
903 1310 1045 1360 duplici
1063 1310 1299 1348 circumdato
1320 1309 1431 1356 vallo,
1454 1309 1608 1348 mansit.

185 1466 396 1507 gewb'hnlich
430 1465 487 1497 das
521 1464 656 1507 Gep'zick
693 1466 752 1497 der
789 1466 864 1497 Sol—

186 1512 302 1551 «laten,
337 1512 395 1543 das
421 1511 512 1543 diese
539 1512 642 1543 selhst
668 1515 794 1553 tragen.
821 1530 864 1534 —-

184 1559 241 1589 sub
282 1569 387 1597 over„
424 1557 621 1588 attributiv:
664 1557 716 1589 die
757 1557 865 1589 Pack-

186 1601 311 1645 pferde,
336 1613 371 1634 so
397 1603 462 1634 wie
491 1602 538 1634 sie
563 1607 661 1634 unter
677 1621 721 1625 —-
738 1613 863 1644 waren,

186 1649 238 1680 die
258 1648 379 1681 Lasten
408 1649 557 1689 tragend.
599 1648 648 1680 Zu
672 1649 730 1680 der
755 1649 865 1680 861111-

186 1695 312 1736 derung
345 1695 410 1735 vgl.
444 1696 494 1735 10,
520 1696 573 1734 20,
608 1695 689 1727 1011.

235 1742 375 1773 11—15.
420 1743 482 1771 iam
521 1743 624 1781 infin,
677 1740 729 1772 die
773 1750 866 1771 zwar

185 1785 309 1817 bereits
335 1786 368 1817 in
393 1786 454 1817 den
478 1785 626 1827 Engpass
659 1786 863 1827 eingeriickt,

187 1831 268 1863 aber
300 1832 383 1862 noch
417 1831 509 1862 nicht
540 1833 624 1863 nahe
652 1842 785 1867 waren,
818 1831 864 1871 (in

186 1877 314 1918 einiger
337 1876 553 1917 Enti'ernungl
584 1877 729 1917 l'olgteu,
757 1876 777 1918 ξ
806 1879 865 1911 10;

185 1925 326 1954 nondum
349 1925 542 1963 apprope'wq.
572 1940 605 1944 —-
634 1925 755 1962 plurib.
782 1925 864 1962 sim„

188 1969 242 2008 37,
273 1970 325 2002 32,
356 1971 391 2007 13
414 1970 468 2009 22,
495 1971 526 2007 4,
555 1966 606 2000 6f.
626 1986 669 1989 —
688 1971 811 2007 praeda
827 1980 862 2008 c.,

186 2013 388 2045 Nominativ.
415 2032 458 2036 —
482 2025 607 2054 vacuas,
633 2014 700 2054 vgl.
730 2015 782 2047 24.
813 2016 863 2053 15,

187 2062 217 2092 4.
244 2078 287 2082 —-
304 2062 472 2101 prodebat,
497 2060 626 2091 machte
644 2060 691 2091 sie
714 2059 864 2090 sichtbur

186 2106 251 2136 und
288 2106 351 2146 gab
390 2105 439 2137 sie
476 2104 585 2144 Prcis,
628 2106 688 2145 21,
727 2107 788 2145 30,
826 2106 863 2138 S:

181 2153 326 2189 proditos
348 2154 392 2183 ad
405 2154 525 2183 caedem
535 2163 549 2193 ,·
575 2150 632 2182 das
654 2150 781 2192 imperf.
801 2150 864 2182 1116

185 2196 332 2237 sogleich
364 2199 435 2228 tulit
461 2201 557 2228 unter
585 2197 645 2228 den
683 2200 863 2238 praesent's.

186 2241 262 2273 hist.
288 2242 332 2273 ist
356 2253 395 2274 zu
421 2243 594 2276 beachten.
612 2260 657 2263 —
677 2253 784 2274 onera.
812 2241 864 2273 die

185 2286 450 2329 abgeworfenen.
479 2307 513 2310 —
534 2294 652 2328 prout,
690 2298 717 2321 e.
745 2290 798 2327 50,
826 2290 864 2330 53

186 2335 240 2375 37,
267 2335 320 2373 52,
345 2335 376 2367 6.
407 2351 448 2355 —
481 2337 558 2374 z'm'q.
586 2345 758 2374 aequusve,
798 2333 863 2374 vgl.

186 2379 217 2419 9,
243 2381 275 2419 4,
301 2380 340 2413 9:
365 2391 463 2421 aequo
487 2386 542 2412 aut
566 2382 675 2420 z‘oze‘quo
694 2382 781 2418 loco,·
805 2379 863 2410 da-

185 2433 290 2465 gegen
323 2427 383 2465 25,
416 2427 466 2463 14,
493 2427 532 2458 9:
559 2436 659 2466 aequa
682 2431 774 2466 atque
799 2427 864 2457 ini-

183 2481 268 2511 qua;
304 2472 365 2511 44,
393 2473 434 2510 4,
462 2472 481 2504 6
506 2481 536 2502 u.
561 2482 608 2510 a.;
651 2470 760 2511 wenig
785 2480 864 2502 ver-

184 2515 339 2548 schieden
372 2516 417 2548 ist
448 2526 490 2548 an
527 2528 556 2549 u.
591 2516 638 2548 St.
681 2517 739 2548 das
782 2514 862 2557 folg.

183 2568 248 2601 auc,
278 2563 424 2603 dagegen
451 2564 488 2601 5,
517 2563 555 2602 8,
585 2563 643 2595 13;
670 2564 742 2594 huie
767 2569 862 2603 atque

932 1469 999 1503 illi,
1038 1465 1132 1506 jenes
1174 1465 1455 1505 ausschliessend‚
1504 1464 1611 1497 dieses

934 1511 1196 1552 gleichstellend.
1222 1530 1267 1534 -—
1293 1514 1392 1544 anim.
1414 1522 1527 1552 puyn„
1552 1512 1607 1550 22,

935 1560 964 1597 5,
996 1560 1024 1591 S.
1050 1576 1087 1579 ——
1098 1557 1234 1599 χει-φαίη
1259 1557 1419 1598 gleichem
1438 1556 1609 1598 logiseheu

936 1603 1169 1635 Verbiiltnisse
1195 1603 1259 1634 wie
1284 1607 1360 1644 quia
1388 1607 1450 1634 etc.

978 1646 1048 1685 41.
1081 1650 1175 1682 1—3.
1188 1651 1393 1688 Bendidium,
1415 1648 1468 1679 ein
1476 1646 1612 1689 Tempel

934 1695 992 1726 der
1046 1694 1256 1726 thracisehen
1304 1693 1420 1726 G'dttin
1478 1695 1610 1734 Bendis,

933 1740 1060 1772 welche
1115 1741 1173 1772 der
1220 1739 1366 1772 Artemis
1426 1740 1506 1771 oder
1553 1739 1612 1770 der

934 1786 1059 1828 Cybele
1083 1786 1327 1826 gleichgestellt
1344 1785 1449 1825 wird,
1475 1784 1612 1816 Lucian.

935 1831 1111 1863 {cai-omen.
1142 1833 1202 1864 24:
1235 1834 1296 1863 καὶ
1322 1828 1362 1864 τὸ
1391 1830 1613 1864 Βενδίδειον

1167 1891 1179 1899 -
1227 1873 1383 1909 maa*
1412 1876 1437 1907 F
1467 1880 1491 1907 ·t
1595 1892 1611 1899 -

935 1889 1013 1956 0³13}
1019 1879 1384 1955 Ξῑτιο6ἐ1111·’1111ζ11ί13κὲῐ1111)οδ
1414 1886 1475 1962 1οῧῗ
1499 1879 1610 1961 31ῗε116

933 1979 962 2010 p.
989 1970 1064 2002 470.
1093 1987 1137 1990 -
1165 1971 1356 2000 circumdato
1381 1967 1445 1999 wie
1472 1968 1526 2007 30,
1555 1968 1607 2007 19,

935 2015 974 2053 83
1017 2014 1148 2046 Andere
1188 2014 1278 2046 lesen
1325 2016 1530 2046 circumdata.
1571 2030 1612 2035 —

933 2071 1066 2101 morer„
1094 2062 1153 2099 10,
1180 2064 1219 2098 4,
1247 2061 1287 2103 93
1312 2061 1366 2098 35,
1391 2061 1431 2099 4,
1462 2061 1500 2099 ὃς
1528 2058 1611 2089 iiber

934 2106 994 2136 den
1027 2104 1141 2136 Plural
1175 2106 1258 2136 nach
1290 2108 1407 2137 mansit
1440 2115 1465 2136 s.
1490 2102 1530 2135 H.
1555 2105 1610 2137 67.

933 2169 978 2173 ——
1001 2162 1033 2182 eo
1068 2154 1183 2191 procl„
1230 2151 1263 2182 in
1296 2151 1366 2182 dem
1403 2149 1500 2182 dabei
1524 2153 1610 2180 statt

935 2196 1103 2228 findenden
1130 2195 1284 2238 Hampfe3
1321 2207 1361 2228 an
1395 2196 1452 2227 das
1476 2194 1609 2227 Treffen

934 2252 985 2273 am
1010 2246 1121 2273 ersten
1151 2242 1242 2283 Tage
1276 2242 1322 2274 ist
1358 2251 1473 2282 wegen
1497 2252 1531 2273 eo
1561 2243 1614 2273 die

933 2289 998 2319 und
1027 2288 1081 2320 des
1099 2287 1322 2329 Gegensatzes
1339 2287 1504 2318 zwischen
1520 2288 1616 2319 onulci

932 2334 996 2364 und
1028 2337 1148 2374 aliquot
1178 2333 1271 2365 nicht
1311 2344 1351 2364 zu
1388 2333 1525 2364 denken.
1565 2349 1611 2355 —-

932 2390 1003 2411 cum
1030 2397 1070 2401 ——
1099 2391 1177 2420 cum,
1203 2390 1228 2411 s.
1256 2382 1286 2419 S,
1316 2381 1367 2419 11,
1389 2380 1429 2420 43
1453 2380 1484 2419 4,
1504 2380 1558 2417 50,
1576 2379 1608 2410 2.

933 2443 978 2447 —
1017 2427 1226 2464 impedimen&
1279 2425 1367 2456 kann
1408 2423 1460 2456 die
1499 2422 1608 2455 Paek-

933 2468 1044 2512 pferde
1069 2471 1280 2511 bezeichnen,
1306 2469 1398 2503 Curt.
1426 2471 1457 2510 9,
1475 2470 1530 2510 42,
1548 2469 1611 2501 22;

931 2518 1044 2556 quibus
1061 2519 1281 2556 impedimenta
1297 2516 1436 2558 (vorher
1459 2525 1610 2556 equorum

934 2562 1218 2604 iumentorumque)
1256 2564 1383 2594 deerant
1390 2573 1405 2601 ;
1444 2559 1536 2592 Caes.
1576 2561 1608 2600 7,
