1747 2841
153 103 206 144 36
574 98 699 132 LIBER
724 97 872 131 xxxv.
905 96 998 130 CAP.
1024 99 1077 131 22.
1102 98 1156 131 23.

1426 103 1451 122 a..
1471 103 1499 121 11.
1519 95 1584 122 562.

156 213 239 246 tum
262 204 573 255 opulentumque
594 201 716 240 vineis
740 200 974 251 expugnavit
993 205 1030 239 et
1049 200 1219 238 nobilem
1239 199 1418 250 regulum
1438 199 1580 238 (101111-

118 265 137 296 6
156 262 327 302 bilonem
348 260 481 299 vivum
501 258 612 310 cepit,
634 264 671 296 et
691 257 740 296 M.
761 257 921 296 Fulvius
942 257 1156 306 proconsul
1176 268 1265 294 cum
1287 255 1443 294 duobus
1464 267 1577 294 exer·-

158 318 295 358 citibus
324 317 496 356 bostium
527 316 605 353 duo
635 313 804 353 secunda
827 313 973 363 proelia
996 313 1096 359 fecit,
1117 313 1258 363 oppida
1281 311 1359 350 duo
1383 311 1581 362 Hispano-

157 388 259 421 rum,
288 373 499 413 Vesceliam
522 371 803 420 Helonemque,
834 375 871 408 et
901 369 1050 407 castella
1084 369 1202 407 multa
1224 368 1481 419 expugnavit;
1511 368 1582 407 alia

119 437 137 467 7
158 432 354 470 voluntate
383 429 430 468 ad
461 440 552 467 eum
584 428 822 466 defecerunt.

875 432 955 464 tum
990 425 1031 463 in
1062 425 1251 464 Oretanos
1282 436 1516 475 progressus
1546 430 1583 463 et

157 488 210 527 ibi
242 486 397 526 duobus
427 485 571 535 potitus
593 483 757 534 oppidis,
786 481 922 521 Noliba
955 487 991 520 et
1013 481 1156 528 Cusibi,
1185 481 1231 519 ad
1256 481 1406 532 Tagum
1426 492 1582 519 amnem

121 550 139 582 8
158 545 215 584 ire
239 543 374 595 pergit.
418 542 596 580 Toletum
627 540 679 578 ibi
710 551 827 590 parva
854 538 948 577 urbs
979 543 1059 576 erat
1089 538 1156 576 sed
1185 538 1271 576 loco
1293 537 1456 576 munito.
1497 549 1582 575 eam
1633 567 1638 572 .

161 613 251 640 cum
274 604 528 650 oppugnaret,
559 598 767 635 Vettonum
789 607 954 646 magnus
976 594 1167 633 exercitus
1189 593 1384 632 Toletanis
1407 592 1584 632 subsidio

160 657 276 696 venit.
305 667 395 694 cum
416 655 462 693 iis
485 654 603 704 signis
626 652 769 692 collatis
795 664 983 703 prospere
1014 650 1201 702 pugnavit
1230 657 1266 688 et
1286 650 1383 688 fusis
1407 649 1584 688 Vettoni-

160 713 235 752 bus
257 711 441 763 operibus
465 711 644 749 Toletum
668 709 779 759 cepit.

85 770 143 811 23

277 769 457 808 Ceterum
473 779 517 806 eo
539 773 715 816 tempore
739 765 868 803 minus
891 777 933 803 ea
952 764 1060 811 bella,
1081 775 1180 814 quae
1203 762 1447 814 gerebantur,
1469 773 1587 800 curae

162 825 337 877 patribus
368 830 477 863 erant
506 835 624 874 quam
651 821 860 872 expectatio
892 821 1072 859 nondum
1114 819 1239 870 coepti
1275 831 1365 857 cum
1392 818 1587 857 Antiocho

123 889 143 920 2
163 882 264 921 belli.
281 893 372 920 nam
390 880 459 919 etsi
479 892 549 930 per
569 880 713 930 legatos
736 877 947 916 identidem
972 877 1100 915 omnia
1122 875 1435 926 explorabantur,
1456 880 1586 914 tamen

162 950 344 978 rumores
373 943 519 975 temere
548 936 631 974 sine
659 935 744 973 ullis
775 934 997 973 auctoribus
1019 933 1093 971 orti
1118 933 1237 971 multa
1266 932 1361 970 falsa
1389 931 1490 970 veris
1510 931 1587 970 mi-

126 1009 144 1041 3
165 995 333 1035 scebant.
365 994 467 1032 inter
493 1005 591 1043 quae
617 992 785 1030 adlatum
809 996 900 1037 erat,
924 1002 1014 1028 cum
1038 990 1079 1028 in
1105 989 1292 1028 Aetoliam
1315 988 1485 1027 venisset
1505 987 1589 1026 An-

125 1067 146 1098 4
165 1052 328 1097 tiochus,
351 1049 542 1099 extemplo
565 1049 725 1087 classem
751 1060 842 1085 eum
872 1047 911 1085 111
936 1046 1101 1085 Siciliam
1122 1046 1347 1084 missurum.
1370 1045 1499 1095 itaque
1525 1056 1591 1082 se-

164 1114 290 1154 natus,
321 1106 391 1145 etsi
417 1111 637 1156 praetorem
667 1104 825 1143 Atilium
857 1115 947 1142 cum
979 1103 1098 1141 classe
1130 1102 1285 1140 miserat
1313 1102 1353 1140 in
1379 1100 1590 1147 Graeciam,

128 1180 146 1210 5
165 1170 307 1210 tamen,
328 1163 416 1213 quia
438 1174 519 1200 11011
543 1161 663 1211 copiis
688 1160 805 1198 modo
834 1160 901 1198 sed
924 1160 1037 1198 etiam
1064 1159 1287 1197 auctoritate
1314 1170 1414 1208 opus
1441 1162 1522 1196 erat
1542 1156 1590 1195 ad

166 1220 356 1260 tenendos
379 1219 578 1257 sociorum
599 1218 762 1263 animos,
783 1217 827 1255 T.
847 1216 1073 1263 Quinctium
1095 1221 1131 1254 et
1150 1214 1217 1254 Cn.
1239 1215 1441 1254 Octavium
1464 1219 1502 1252 et
1522 1213 1592 1252 Cn.

163 1354 188 1375 s.
209 1341 335 1375 Uckert
360 1352 390 1383 p.
418 1342 495 1374 432.
517 1350 731 1379 —proeons„
758 1350 783 1370 c.
816 1340 844 1378 1,

166 1392 205 1431 53
224 1389 279 1427 36,
298 1389 330 1426 2,
351 1389 381 1420 8.
399 1404 444 1409 —-
466 1388 580 1417 Vesoel.
610 1385 690 1425 (vgl.
716 1386 769 1424 23,
789 1386 843 1423 37,

166 1433 224 1471 12)
259 1435 384 1472 Helm,
418 1431 574 1463 scheinen
607 1434 700 1462 sonst
725 1430 845 1462 ebenso

166 1479 277 1520 wenig
292 1478 440 1510 bekannt
467 1487 507 1508 zu
527 1476 598 1508 sein
616 1476 665 1507 als
683 1476 740 1507 das
766 1474 844 1515 folg.

166 1527 285 1557 Noliba
301 1524 367 1555 und
387 1524 503 1555 Cusibi.
519 1539 566 1545 —-
584 1524 718 1561 volum,
739 1531 763 1552 s.
790 1521 844 1559 36,

170 1573 221 1611 12,
251 1572 281 1604 6.
307 1587 351 1591 -
388 1571 483 1609 Oret„
516 1567 548 1598 in
582 1567 682 1599 deren
708 1565 846 1598 Gebiete

167 1617 212 1648 ist
236 1626 264 1647 c.
293 1617 324 1655 7,
354 1617 371 1646 7
401 1612 595 1652 Flaminius,
621 1612 654 1643 in
687 1612 745 1643 der
768 1621 847 1653 pro-

168 1661 279 1692 vincia
313 1658 459 1699 citerior,
495 1657 627 1699 th'atig3
664 1668 722 1688 aus
757 1657 847 1688 dem-

168 1706 280 1739 selben
304 1705 397 1736 ware
430 1703 568 1735 Fulvius
599 1703 683 1734 nach
715 1701 848 1740 Norden

169 1752 203 1783 in
228 1752 286 1783 das
312 1751 369 1782 der
394 1749 609 1791 Carpetauer,
630 1748 664 1779 in
688 1747 849 1779 welchem

169 1796 321 1829 Toletum
335 1796 402 1836 lag,
429 1803 673 1835 vorgegangen.
692 1810 736 1816 -·
755 1795 849 1825 Tolet.

170 1847 232 1875 etc.
275 1841 319 1873 ist
351 1841 452 1872 schon
485 1850 513 1873 0,
548 1842 564 1872 7
598 1839 632 1870 in
660 1843 764 1871 etwas
790 1848 850 1869 an-

170 1888 280 1919 derem
292 1886 607 1925 Zusammenhange‚
622 1882 848 1916 wahrschein-

169 1933 238 1965 11011
262 1932 347 1964 nach
371 1931 463 1963 einer
487 1931 632 1962 anderen
651 1929 768 1971 Quelle
793 1938 848 1960 er-

171 1978 264 2010 z‘zihlt
288 1977 433 2009 worden.
460 1995 503 1998 ——
528 1979 591 2008 loeo
618 1987 670 2014 m.,
703 1973 787 2006 Plin.
816 1975 848 2014 3,

172 2026 203 2065 3,
237 2025 298 2056 25:
330 2024 476 2055 Toletani
497 2024 581 2063 Taqo
606 2023 745 2062 flumini
786 2022 848 2052 im-

164 2071 272 2110 positi.

219 2110 396 2150 23-24.
444 2111 737 2152 Vox-bereitungen
778 2120 851 2142 zum

172 2158 313 2200 Kriege,
354 2157 502 2190 Wahlen
542 2157 576 2188 in
612 2156 704 2188 Rom.
767 2155 849 2198 App.

172 2204 247 2247 Syr.
281 2206 338 2245 153
366 2203 453 2235 Plut.
477 2202 544 2234 Tit.
573 2204 623 2236 15.

222 2250 318 2283 1—3.
358 2260 453 2281 curae
476 2260 533 2288 er„
571 2249 624 2288 34,
653 2248 706 2288 32,
736 2249 767 2287 5,
793 2247 852 2278 der

174 2294 389 2336 Gegenstand
408 2295 466 2325 der
486 2293 590 2334 Sorge
610 2303 682 2324 war
695 2292 850 2324 nichtso-

174 2340 242 2371 wol
268 2339 319 2371 die
338 2342 505 2379 expectatio
525 2338 576 2370 als
593 2339 651 2370 der
671 2341 852 2370 erwartete

174 2384 287 2427 Hrieg.
319 2403 362 2407 --
394 2387 495 2425 coepti
515 2395 595 2425 eum,
628 2385 682 2424 24,
709 2384 763 2424 48,
793 2384 851 2416 13:

175 2442 245 2463 cum
267 2432 408 2470 Syphace
433 2448 478 2452 —
504 2436 608 2469 coepta
635 2431 776 2461 amicitia
797 2435 851 2461 est.

175 2494 219 2498 —-
245 2478 303 2508 etsi
329 2493 373 2498 —
398 2482 501 2508 tamen
527 2475 572 2506 ist
601 2474 771 2514 unsicher,
799 2473 850 2506 die

174 2521 312 2554 meisten
345 2520 416 2553 Hss.
448 2520 556 2553 haben
587 2527 615 2553 et
647 2531 708 2560 per
739 2523 852 2562 leqatos

914 1356 959 1360 —
991 1344 1020 1370 et
1049 1341 1136 1378 quod
1156 1349 1317 1377 rumores,
1351 1336 1442 1368 viell.
1468 1345 1542 1367 war
1565 1342 1594 1367 et

909 1394 969 1423 per
994 1386 1108 1425 leqatos
1128 1401 1169 1406 -—
1191 1390 1219 1415 et
1242 1390 1345 1415 tamen
1369 1393 1514 1414 rumores
1533 1391 1593 1422 ge-

914 1428 1100 1468 schrieben,
1126 1439 1150 1460 s.
1176 1430 1231 1469 21,
1259 1430 1290 1467 3,
1318 1429 1355 1468 33
1381 1430 1436 1467 40,
1462 1429 1517 1467 47,
1541 1428 1594 1460 10.

915 1493 958 1497 —
986 1477 1155 1506 identidem
1186 1477 1274 1506 setzt
1299 1473 1362 1505 wie
1389 1474 1443 1514 36,
1472 1474 1503 1513 3,
1535 1474 1594 1506 10:

915 1522 1027 1552 totiens
1064 1521 1158 1551 mehr
1193 1519 1243 1551 als
1280 1519 1332 1550 die
1372 1518 1457 1550 zwei
1489 1527 1515 1550 c.
1553 1518 1594 1551 13

916 1566 980 1597 und
1014 1566 1074 1605 33,
1104 1566 1166 1605 39,
1196 1564 1264 1605 vgl‘.
1291 1566 1352 1603 34,
1380 1566 1443 1603 57,
1468 1565 1509 1604 4,
1537 1573 1593 1595 01·-

916 1611 1073 1642 wiihnten
1089 1608 1389 1642 Gesandtschaften
1403 1619 1536 1649 voraus,
1557 1619 1594 1640 so

916 1657 992 1687 dass
1042 1666 1082 1686 an
1134 1655 1226 1687 einer
1273 1654 1444 1687 derselben
1484 1653 1597 1696 Scipio

917 1700 1012 1732 Theil
1039 1701 1177 1732 nehmen
1201 1701 1342 1740 konnte,
1368 1711 1392 1731 s.
1419 1710 1444 1731 c.
1476 1701 1535 1740 14,
1562 1702 1593 1733 5.

918 1766 962 1769 —
978 1753 1099 1786 temere,
1126 1747 1209 1778 ohne
1235 1745 1324 1777 allen
1341 1744 1466 1785 Grund,
1492 1745 1597 1777 durch

920 1792 977 1823 das
1003 1791 1028 1822 F
1033 1791 1096 1832 olg.
1123 1791 1261 1823 erkliirt.
1286 1809 1332 1813 —
1355 1793 1438 1823 inter
1461 1801 1502 1832 q.‚
1538 1792 1594 1829 22,

921 1840 981 1877 57,
1018 1839 1056 1870 6:
1096 1839 1180 1868 inter
1212 1848 1293 1878 quae
1315 1838 1427 1869 Gallus
1449 1842 1477 1868 et
1503 1837 1597 1868 Galla

916 1885 983 1915 vivi
1019 1884 1146 1914 demissi
1183 1889 1278 1922 sunt,
1313 1893 1394 1923 quae
1426 1882 1506 1923 geht
1539 1879 1601 1913 auf

908 1930 1014 1969 falsa.
1033 1946 1077 1950 —
1103 1931 1255 1960 venisset:
1282 1937 1379 1959 wenu
1404 1937 1441 1959 er
1459 1945 1505 1949 —
1523 1927 1597 1959 sein

918 1974 1041 2005 wiirde.

965 2066 1064 2098 4—9.
1089 2065 1190 2104 Atia,
1228 2074 1254 2095 0.
1280 2065 1335 2104 22,
1362 2065 1392 2096 2.
1421 2079 1460 2085 -
1487 2064 1598 2103 copiis,

919 2110 1022 2141 durch
1054 2108 1328 2152 Truppenmacht,
1361 2108 1422 2140 mit
1447 2107 1598 2149 Gewaltg

921 2162 1057 2195 auctor„
1094 2155 1198 2186 durch
1224 2154 1505 2187 Geltendmachen
1538 2154 1599 2186 der

922 2201 1051 2233 Wiirde
1090 2200 1146 2232 des
1183 2200 1321 2232 Senates
1359 2198 1419 2232 auf
1451 2199 1503 2231 die
1529 2198 1597 2231 Ge-

920 2246 1050 2278 miither
1073 2245 1307 2277 einzuwirken.
1341 2263 1384 2268 -
1409 2246 1542 2285 tenend„
1569 2255 1597 2276 s.

921 2293 975 2331 34,
1020 2292 1074 2331 27,
1116 2293 1145 2324 3.
1179 2293 1302 2331 sodor„
1349 2291 1407 2322 der
1432 2290 1492 2322 mit
1515 2289 1597 2322 Rom

921 2336 1149 2368 verbiindeteu
1181 2335 1362 2376 Griechen‚
1396 2336 1463 2377 vgl.
1489 2345 1515 2367 c.
1540 2336 1596 2375 20,

923 2384 972 2416 13.
999 2399 1042 2404 -
1077 2383 1218 2423 Quina„
1252 2381 1338 2414 Plut.
1363 2385 1464 2413 neunt
1485 2380 1597 2412 diesen

920 2427 1041 2469 alleiu3
1079 2430 1196 2469 Octav„
1223 2429 1276 2467 34,
1303 2429 1364 2468 453
1391 2428 1515 2467 Servil„
1541 2426 1600 2466 33,

920 2475 975 2513 47,
1003 2475 1042 2513 73
1069 2474 1122 2513 30,
1149 2475 1210 2514 243
1243 2475 1329 2513 Vill„
1356 2483 1382 2504 c.
1405 2473 1455 2511 13,
1477 2473 1508 2512 6,
1529 2470 1597 2511 vgl.

920 2529 946 2550 c.
973 2519 1027 2559 39,
1056 2529 1108 2549 wo
1134 2529 1170 2551 er
1195 2518 1296 2550 allein
1315 2517 1411 2550 nebst
1425 2515 1601 2558 Quinctius

1744 1523 1747 1526 .
1739 1133 1747 1481 .4.4=*.—-.-.--..-———
1740 1027 1747 1122 -.ᾳ-..4.
