1747 2841
209 112 295 158 210

653 114 779 148 LIBER
802 115 981 151 XXXVII.
1013 118 1107 151 CAP.
1132 121 1187 154 31.

1475 126 1503 146 ι.
1522 127 1550 146 ιι.
1566 119 1629 148 564.

209 222 354 274 ginqua
382 220 483 261 tueri
514 220 711 260 diffidebat
739 233 780 259 se
809 233 938 272 posse,
964 222 1200 273 praesidium
1228 222 1275 262 ab
1295 222 1549 275 Lysimachia,
1580 236 1631 264 ne

210 278 498 330 opprimeretur
524 277 576 317 ibi
606 277 652 317 ab
672 278 872 325 Romanis,
902 277 1042 318 deduci
1071 291 1204 330 pravo,
1232 285 1274 319 ut
1302 292 1365 319 res
1393 281 1475 331 ipsa
1496 287 1632 332 postea

170 346 191 378 2
209 335 353 383 docuit,
384 335 545 374 consilio
575 334 698 374 iussit.

758 346 839 373 non
870 335 976 374 enim
1006 336 1106 375 tueri
1135 336 1265 375 solum
1293 336 1580 388 Lysimachiam
1609 351 1632 377 a
1683 385 1688 389 ,

209 393 337 444 primo
357 391 506 443 impetu
528 392 799 431 Romanorum
821 391 930 430 facile
953 398 1044 439 erat,
1063 392 1131 431 sed
1154 393 1398 432 obsidionem
1419 394 1532 433 etiam
1553 401 1632 434 tota

209 449 337 488 hieme
366 449 531 487 tolerare
562 455 599 488 et
629 448 843 488 obsidentis
867 460 1025 500 quoque
1045 449 1092 488 ad
1116 450 1290 490 ultimam
1311 451 1485 502 inopiam
1505 451 1632 491 addu-

210 517 298 545 cere
327 505 566 544 extrahcndo
596 511 750 557 tempus
780 511 817 544 et
844 505 999 544 interim
1030 518 1139 557 spem
1171 507 1275 558 pacis
1297 520 1367 558 per
1387 508 1634 547 occasionem

171 569 191 601 3
210 568 410 614 temptare.
441 574 514 600 nec
534 562 819 614 Lysimachiam
840 568 990 601 tantum
1010 562 1188 602 hostibus
1209 564 1364 603 tradidit
1385 570 1474 615 post
1492 564 1644 604 adver--

210 631 292 658 sam
319 619 494 658 navalem
516 631 700 671 pugnam,
738 619 805 658 sed
826 619 940 658 etiam
962 619 1201 670 Colophonis
1225 620 1428 660 obsidione
1449 621 1636 661 abscessit

169 684 192 717 4
212 681 249 715 et
273 676 404 715 Sardis
435 677 582 728 recepit
610 689 673 723 se3
704 683 820 727 atque
840 676 931 715 inde
951 676 992 714 in
1013 676 1295 727 Cappadociam
1316 677 1363 716 ad
1389 678 1631 725 Ariarathen,

210 732 277 784 qui
296 733 435 772 auxilia
458 739 712 779 accerserent,
734 739 770 772 et
791 745 1044 784 quocumque
1064 734 1136 772 alio
1150 740 1311 784 poterat,
1333 734 1379 773 ad
1393 735 1522 785 copias
1535 746 1633 774 con-

206 790 427 837 trahendas,
457 791 497 829 in
527 802 652 829 unum
681 790 758 829 iam
789 790 1007 836 consilium,
1039 796 1082 829 ut
1112 791 1192 829 acie
1224 791 1431 837 dimicaret,
1461 791 1634 830 intentus

207 847 324 886 misit.

169 916 189 948 5
320 903 489 955 Regillus
509 903 696 943 Aemilius
727 910 816 956 post
843 904 1043 943 victoriam
1074 904 1249 942 navalem
1276 906 1475 954 profectus
1497 904 1629 955 Ephe-

207 972 309 1006 sum,
340 961 503 999 derectis
532 967 619 1000 ante
642 967 801 1012 portum
823 960 998 1006 navibus,
1030 973 1121 999 cum
1143 961 1435 1000 confessionem
1455 961 1632 1000 ultimam

208 1017 384 1056 concessi
403 1017 520 1056 maris
542 1018 643 1057 hosti
666 1018 930 1069 expressisset,
958 1017 1111 1064 Chium,
1142 1029 1222 1068 quo
1242 1023 1331 1056 ante
1352 1017 1485 1056 navale
1508 1030 1629 1069 proe-

167 1081 188 1113 6
206 1074 303 1112 lium
334 1086 495 1113 cursum
526 1073 572 1113 ab
596 1075 712 1114 Samo
733 1075 962 1121 intenderat,
993 1074 1157 1125 navigat.
1201 1074 1255 1113 ibi
1277 1086 1394 1113 naves
1415 1075 1456 1112 in
1479 1074 1628 1125 proelio

204 1136 404 1182 quassatas
427 1143 516 1169 cum
539 1132 748 1178 refecisset,
770 1131 811 1170 L.
833 1131 1039 1170 Aemilium
1060 1131 1252 1170 Scaurum
1272 1143 1359 1170 cum
1384 1131 1536 1182 triginta
1558 1133 1630 1170 na'-

204 1186 318 1226 vibus
346 1187 641 1238 Hellespontum
681 1188 727 1227 ad
759 1188 973 1227 exercitum
1002 1188 1259 1227 traiciendum
1292 1187 1414 1235 misit,

1458 1188 1635 1227 Rhodios

205 1249 314 1296 parte
334 1244 499 1295 praedae
519 1251 555 1283 et
577 1245 710 1295 spoliis
733 1244 931 1283 navalibus
954 1245 1156 1283 decoratos
1178 1244 1343 1283 domum
1366 1244 1492 1283 redire
1512 1244 1632 1283 iubet.

160 1306 186 1337 ἰ’
205 1301 347 1341 Rhodii
367 1301 532 1353 impigre
553 1307 797 1352 praevertere
817 1301 864 1340 ad
886 1300 1115 1340 traiciendas
1145 1301 1275 1352 copias
1303 1301 1474 1340 consulis
1505 1301 1632 1351 [iere];

193 1461 292 1502 fusa,
317 1466 451 1493 contusa
466 1460 651 1501 fuqataque
683 1465 737 1491 est.
779 1477 821 1481 -
845 1461 882 1491 ab

203 1509 338 1546 Lysim„
362 1506 444 1548 App.
455 1530 463 1546 ‚
491 1505 649 1537 nachdem
676 1514 712 1536 er
737 1514 884 1545 genauer

200 1553 254 1584 als
302 1551 337 1583 L.
382 1551 434 1583 die
480 1550 633 1592 giiustige
680 1550 769 1592 Lage
816 1561 883 1581 von

201 1597 330 1641 Lysim.
359 1597 563 1649 geschildert
587 1593 884 1650 hat:'Atr1'o;(o;

204 1662 246 1667 —
282 1638 521 1698 Χερρόιησον
554 1643 586 1681 ἕ
577 1644 717 1675 ἐ’λιπει
754 1640 883 1695 ἁλομ-

204 1700 304 1727 στως.
337 1707 383 1712 -—
416 1688 498 1722 οὔτε
530 1684 762 1734 αετειεγκών
798 1684 884 1725 ὅσος

203 1736 248 1778 ἠν
274 1736 313 1768 ἐν
352 1734 448 1788 αὐτῇ
481 1737 580 1771 σῖτος
611 1736 885 1787 σεσωρευιιένος

204 1781 322 1819 πολὺς
372 1776 394 1823 ἢ
426 1772 535 1814 ὅπλα
577 1775 598 1822 ἢ
642 1792 817 1833 γρηιιαῑα
862 1775 884 1822 ἢ

234 1830 390 1872 ηχαιαί,
425 1825 508 1860 οὔτε
538 1816 751 1872 ἒμπρησας,-
788 1825 882 1857 Diod.

202 1841 513 1911 lll.—totalz.,
560 1873 885 1911 37,13,4-—

204 1920 345 1960 εαεεναῖι.,
369 1918 435 1959 vgl.
464 1920 522 1957 10,
549 1919 611 1957 29,
639 1919 676 1951 8;
711 1919 884 1949 cunctando

204 1971 383 1997 extraxerat
409 1967 512 2001 diem,·
538 1965 591 1997 28.
622 1965 672 2003 l5,
701 1965 737 2002 33
759 1964 813 2001 38,
828 1965 883 2001 44,

211 2013 238 2044 1.
267 2028 312 2033 ——
331 2021 393 2050 per
411 2021 481 2049 oca,
507 2020 532 2041 s.
559 2019 585 2040 e.
612 2010 665 2049 26,
693 2011 731 2046 43
759 2010 812 2048 21,
830 2010 882 2048 35,

210 2059 268 2091 10:
321 2058 462 2088 hostibus
508 2073 554 2077 —
585 2066 647 2094 per
695 2057 886 2086 occasionem

206 2104 428 2142 temptantibus
437 2113 451 2141 ;
489 2100 531 2133 ib.
578 2102 616 2141 8,
657 2102 675 2133 7
708 2111 738 2131 u.
777 2110 804 2131 o.
842 2117 885 2122 —

206 2160 291 2189 spem
316 2166 359 2170 -—-
383 2154 498 2187 tempu,
530 2157 559 2180 c,
586 2148 647 2186 32,
682 2148 739 2186 103
765 2147 826 2185 26,
853 2149 884 2185 3,

211 2196 271 2234 103
296 2195 358 2233 33,
385 2195 446 2231 27,
475 2194 504 2226 3.
529 2210 574 2215 -—-
598 2194 741 2231 Coloph„
776 2202 802 2222 c.
830 2193 885 2231 26,

209 2241 373 2273 3.—0bs.
402 2241 465 2271 aba.
494 2239 578 2270 ohne
601 2250 621 2270 a
644 2238 709 2269 wie
731 2239 762 2272 9,
792 2239 821 2279 3,
849 2240 886 2277 53

210 2288 272 2326 26,
299 2288 336 2325 7,
363 2287 402 2326 23
437 2288 492 2323 45,
525 2286 575 2323 11,
605 2286 632 2324 1,
659 2284 725 2324 vgl.
752 2284 805 2322 38,
831 2284 885 2322 38,

210 2333 241 2365 6.
266 2349 311 2354 -—
335 2333 526 2371 Ariaratlc„
561 2329 625 2361 wie
656 2332 833 2368 Eumenen,
858 2339 884 2360 c.

210 2378 266 2418 22,
296 2379 331 2419 1,
359 2377 417 2408 der
441 2375 715 2416 Schwiegersohn
740 2375 796 2406 des
816 2374 886 2406 An-

210 2422 352 2463 tiochus,
377 2434 403 2454 s.
429 2422 508 2465 App.
529 2421 604 2464 Syr.
631 2424 661 2461 5,
691 2421 758 2461 vgl.
776 2420 811 2452 L.
832 2422 887 2460 38,

212 2469 273 2503 39.
302 2471 333 2502 6.
356 2486 401 2491 -—
427 2479 490 2510 quo
514 2471 595 2505 alio,
620 2478 644 2499 s.
672 2468 733 2504 38,
761 2468 821 2507 30,
850 2469 886 2499 7:

210 2517 309 2546 aliove
331 2526 411 2556 quo3
449 2515 509 2553 39,
537 2516 598 2551 36,
628 2515 686 2553 113
724 2512 790 2544 Cic.
816 2512 885 2543 Att.

211 2562 252 2600 9,
282 2562 341 2601 17,
370 2562 404 2594 1:
436 2571 480 2591 an
502 2562 565 2591 alio
586 2570 669 2600 qu0;
705 2569 744 2589 zu
763 2564 888 2598 poterat

952 1458 997 1491 ist
1036 1462 1158 1492 mittere
1197 1469 1256 1490 aus
1293 1461 1379 1491 misit
1411 1470 1452 1491 zu
1495 1458 1633 1491 denken.

951 1505 1018 1537 Der
1034 1503 1143 1546 Hiinig
1167 1504 1212 1536 ist
1231 1505 1302 1537 also
1323 1505 1427 1537 selbst
1440 1504 1528 1546 jetzt
1548 1504 1634 1536 noch

953 1550 1044 1582 nicht
1066 1552 1226 1592 geriistet,
1252 1551 1305 1590 35,
1336 1553 1390 1590 44,
1421 1552 1451 1590 3,
1482 1549 1634 1592 ohgleich

953 1596 1004 1628 die
1031 1596 1150 1628 Riimer
1174 1597 1275 1628 sehon
1299 1596 1364 1628 seit
1387 1596 1510 1628 Jahren
1537 1596 1632 1629 einen

952 1642 1087 1683 Angriff
1110 1640 1299 1674 beffirchtet
1318 1642 1434 1674 haben.
1457 1660 1499 1664 —
1523 1645 1634 1675 consil.

951 1695 997 1726 ut,
1026 1690 1079 1726 25,
1112 1690 1167 1727 34,
1194 1691 1223 1720 7.

999 1736 1098 1767 5—7.
1129 1736 1205 1775 Req.
1232 1735 1325 1766 Aem.
1353 1734 1384 1775 9,
1411 1735 1465 1775 38,
1493 1736 1523 1768 9.
1549 1736 1634 1776 den,

953 1781 1014 1819 36,
1040 1782 1102 1820 45,
1129 1781 1168 1812 6:
1204 1786 1276 1812 ante
1299 1782 1413 1811 ostium
1431 1787 1546 1819 portus
1569 1783 1635 1813 acie

951 1828 1107 1858 instructa
1128 1832 1289 1858 steterunt.
1326 1845 1370 1848 -
1406 1827 1538 1866 confess.
1573 1829 1635 1859 ule.

952 1883 977 1904 ο.
1013 1883 1072 1910 m.,
1104 1872 1162 1903 der
1199 1870 1312 1904 Genit.
1338 1871 1402 1903 wie
1424 1874 1465 1912 4,
1497 1873 1560 1912 32,
1595 1875 1637 1915 53

951 1917 994 1948 ib.
1018 1919 1046 1952 1.
1073 1919 1116 1957 43
1141 1918 1195 1957 36,
1229 1919 1279 1951 10.
1306 1920 1324 1951 3
1344 1929 1373 1949 ιι.
1394 1928 1421 1948 0.
1441 1935 1487 1940 -—
1506 1920 1630 1961 Chiam,

953 1973 978 1993 c.
1011 1965 1068 2002 143
1098 1965 1151 2002 27,
1181 1965 1421 2003 1.—Helcesp.,
1451 1964 1508 1995 das
1527 1963 1631 2004 Laud,

953 2008 1021 2050 vgl.
1047 2019 1074 2040 e.
1100 2010 1154 2048 33,
1181 2011 1211 2042 4.
1231 2012 1384 2048 —spolia
1399 2021 1484 2049 naen,
1511 2009 1633 2042 Beute-

953 2055 1067 2086 stiicke
1085 2065 1149 2085 von
1166 2055 1227 2086 deu
1241 2054 1385 2087 Schiffen
1407 2055 1522 2096 selbst,
1542 2060 1632 2088 etwa

953 2107 1068 2138 owostm,
1116 2096 1321 2152 παράσημα
1361 2112 1392 2133 u.
1434 2112 1460 2133 s.
1500 2112 1541 2133 w.
1587 2119 1632 2126 —-

948 2158 993 2186 21⁷
995 2158 1085 2178 aeve7
1086 2154 1149 2179 eme
1168 2157 1198 2177 in
1221 2147 1278 2178 der
1295 2147 1502 2188 Bedeutung:
1529 2158 1634 2180 zuvor

955 2196 1060 2224 etwas
1097 2193 1179 2224 thuu
1213 2193 1303 2224 steht
1338 2193 1429 2224 nicht
1462 2193 1566 2225 leicht
1591 2193 1630 2234 (s.

955 2237 1062 2269 Plaut.
1090 2237 1204 2270 Pseud.
1237 2239 1264 2277 1,
1293 2240 1323 2279 3,
1349 2238 1528 2277 8)0bsolut
1548 2239 1631 2271 ohne

955 2284 1090 2325 Angabe
1117 2285 1172 2316 des
1193 2264 1302 2316 Zieles
1327 2284 1406 2316 oder
1431 2285 1488 2316 des
1507 2283 1630 2325 Ohjec-

954 2334 1023 2363 tes
1066 2329 1211 2361 ueshalb
1252 2324 1529 2361 xv'ahischeinhch
1568 2333 1632 2362 iere

954 2376 1089 2415 unm-ht,
1109 2375 1199 2407 viell.
1218 2386 1276 2407 aus
1295 2378 1414 2408 redde->e
1432 2376 1629 2408 entstanden

954 2421 1017 2459 ist,
1043 2422 1110 2462 vgl.
1137 2421 1226 2453 Curt.
1255 2423 1286 2461 6,
1314 2423 1368 2459 22,
1394 2423 1454 2455 21:
1482 2424 1525 2453 ad
1547 2423 1632 2454 Sati-

954 2469 1119 2499 bno-:anem
1144 2470 1384 2507 opprimendum
1398 2470 1560 2507 praeverti
1577 2478 1634 2507 op-

953 2516 1064 2545 timam
1096 2522 1202 2551 ratus,
1243 2513 1307 2553 vgl.
1334 2513 1368 2545 L.
1395 2514 1454 2553 32,
1496 2513 1553 2549 13,
1592 2516 1630 2547 4:

950 2562 1114 2598 praeverti
1136 2562 1169 2590 in
1187 2561 1396 2599 leessaliam3
1423 2558 1537 2590 wollte
1556 2569 1631 2591 man
