1747 2841
216 119 270 161 32
681 114 807 148 Lmen
830 112 980 147 xxxv.
1013 112 1106 145 CAP.
1130 115 1185 147 50.

1489 120 1515 138 a..
1534 118 1561 139 u.
1578 111 1643 139 562.

218 235 296 269 cos,
317 233 417 272 quos
440 220 611 271 populus
633 219 834 258 Romanus
855 217 1081 264 censuisset,
1111 216 1337 264 iudicarent,
1359 215 1585 268 bellumque
1606 223 1643 256 et

180 288 199 320 3
218 278 408 318 Antiocho
432 283 469 315 et
489 276 632 315 Aetolis
653 275 823 314 nuntiari
844 274 1034 313 iuberent.
1082 273 1221 312 auxilia
1241 273 1367 321 etiam,
1391 285 1469 324 quo
1493 274 1645 313 censuit

218 334 436 383 Quinctius,
468 333 772 384 quingentorum
801 331 967 370 militum
987 330 1218 377 Chalcidem,
1250 331 1556 381 quingentorum
1576 330 1642 369 Pi—
1675 357 1680 361 -

178 400 200 431 4
218 404 354 431 raeum
391 390 583 440 extemplo
624 389 825 428 miserunt.

894 392 975 426 erat
1014 387 1118 426 enim
1155 387 1259 425 haud
1287 387 1425 438 procul
1455 387 1643 426 seditione

218 448 378 488 Athenis
407 459 469 485 res
498 446 741 485 trahentibus
771 445 817 484 ad
842 444 1079 483 Antiochum
1107 444 1342 494 quibusdam
1372 456 1440 494 spe
1470 443 1643 495 largitio-

217 517 315 544 num
346 503 522 542 venalcm
551 503 675 554 pretio
707 501 1008 548 multitudinem,
1035 501 1162 539 donec
1190 500 1237 539 ab
1267 501 1325 547 iis,
1357 501 1424 551 qui
1445 501 1644 540 Romanae

217 562 335 614 partis
363 565 483 606 erant,
515 560 721 606 Quinctius
752 565 810 598 est
831 559 987 604 accitus,
1019 564 1056 596 et
1074 562 1279 596 accusante
1302 558 1450 596 Leonte
1472 557 1645 608 quodam

218 617 480 669 Apollodorus
518 623 653 656 auctor
687 615 914 655 defectionis
953 615 1158 653 damnatus
1188 619 1302 665 atque
1331 614 1372 652 in
1400 614 1560 653 exilium
1588 620 1646 653 est

218 675 374 714 eiectus.

181 744 201 775 5

330 730 379 769 Et
401 730 448 769 ab
469 729 631 768 Achaeis
661 729 821 779 quidem
845 741 936 767 cum
954 728 1055 766 tristi
1076 739 1267 778 responso
1289 727 1424 778 legatio
1445 727 1492 766 ad
1512 739 1647 778 regem

218 787 351 834 rediit3
383 786 518 825 Boeoti
540 786 635 824 nihil
657 786 751 824 certi
772 785 1082 837 responderunt:
1112 797 1203 822 cum
1223 784 1439 823 Antiochus
1461 784 1501 822 in
1516 784 1645 822 Boeo—

217 845 309 884 tiam
348 844 536 890 venisset,
577 848 671 890 tuin,
702 843 794 893 quid
836 842 909 881 sibi
940 841 1167 880 faciundum
1192 847 1304 885 esset,
1338 853 1378 880 se
1410 841 1644 879 deliberatu-

219 914 284 940 l'OS
307 913 403 939 CSSE.

180 971 201 1002 6

333 957 549 996 Antiochus
593 968 683 994 cum
728 955 774 994 ad
821 955 1010 994 Chalcidis
1050 954 1288 1005 praesidium
1330 960 1367 993 et
1399 954 1572 993 Achaeos
1612 960 1650 993 et

220 1015 436 1054 Eumenem
479 1025 611 1064 regem
648 1012 798 1051 misisse
837 1012 1024 1058 audisset,
1061 1011 1339 1050 maturandum
1370 1018 1497 1058 ratus,
1538 1016 1582 1049 ut
1612 1016 1650 1050 et

182 1078 202 1110 7
221 1071 493 1123 praevenirent
511 1070 571 1108 sui
597 1076 633 1108 et
652 1069 853 1116 venientis,
883 1069 914 1107 si
934 1073 1114 1119 possent,
1144 1068 1389 1119 exciperent,
1419 1067 1649 1119 Menippum

222 1141 314 1167 cum
341 1127 467 1166 tribus
503 1129 626 1165 ferme
658 1125 813 1164 milibus
844 1125 1010 1164 militum
1037 1130 1074 1164 et
1100 1125 1207 1163 omni
1238 1125 1357 1164 classe
1380 1124 1649 1176 Polyxenidan

223 1185 347 1229 mittit,
377 1185 460 1235 ipse
491 1196 636 1235 pancos
666 1189 756 1234 post
784 1183 864 1221 dies
896 1195 964 1221 sex
996 1183 1099 1220 milia
1128 1194 1294 1220 suorum
1324 1182 1503 1228 militum,
1534 1187 1571 1220 et
1602 1193 1649 1219 ex

224 1255 268 1280 ea
307 1241 437 1291 copia,
474 1252 573 1291 quae
603 1240 756 1278 Lamiae
787 1246 947 1290 repente
979 1239 1104 1290 colligi
1134 1239 1276 1290 potuit,
1318 1251 1398 1277 non
1424 1239 1474 1277 ita
1505 1238 1649 1277 multos

184 1305 204 1337 8
223 1298 380 1337 Aetolos
411 1298 526 1336 ducit.

590 1297 731 1335 Achaei
762 1296 961 1347 quingenti
992 1302 1028 1335 et
1055 1296 1101 1334 ab
1132 1296 1307 1334 Eumene
1337 1307 1427 1346 rege
1450 1294 1649 1333 modicum

223 1355 410 1394 auxilium
442 1354 603 1392 missum
637 1353 734 1391 duce
765 1352 975 1391 Xenoclide
1001 1352 1242 1391 Chalcidensi
1272 1351 1452 1390 nondum
1481 1351 1650 1390 obsessis

223 1411 427 1451 itineribus
465 1416 549 1449 tuto
597 1410 827 1460 transgressi
866 1410 1059 1460 Euripum
1099 1408 1318 1447 Chalcidem
1362 1414 1650 1458 pervenerunt3

184 1473 204 1505 9
224 1468 390 1508 Romani
423 1468 582 1513 milites,
633 1466 834 1517 quingenti
862 1468 986 1505 ferme
1017 1472 1053 1505 et
1081 1466 1174 1516 ipsi,
1215 1478 1306 1503 cnm
1337 1466 1413 1503 iam
1444 1465 1650 1516 Menippus

226 1601 344 1623 nossen
365 1591 445 1622 oder
462 1589 630 1631 besiegter
646 1588 769 1621 Feiude
790 1589 902 1628 findet,

223 1648 248 1670 5.
271 1639 325 1677 37,
358 1639 387 1677 1,
414 1639 455 1678 5;
485 1646 544 1667 zur
555 1613 673 1688 &sache
698 1635 766 1676 vgl.
786 1634 903 1666 Polxb

225 1684 280 1724 39,
297 1684 328 1722 8,
349 1684 385 1715 8:
404 1662 591 1734 μετασχόπ
595 1693 638 1713 τα
660 1681 905 1726 (Φιλοποίαε-

223 1730 285 1772 να)
300 1728 366 1761 τοῦ
380 1724 569 1780 δόγματος
586 1730 661 1765 τοῖς
676 1724 837 1780 Ἀχαιοῖς
865 1726 905 1759 ἐν

225 1773 254 1817 ᾠ
281 1770 494 1825 τετρααήνω
528 1769 708 1818 πρότερον
739 1773 801 1814 τῆς
821 1770 905 1805 Ρω-

225 1822 349 1872 μαίων
374 1816 578 1862 διαβάσεως
604 1819 674 1857 (der
692 1820 746 1858 36,
778 1820 817 1851 14
850 1828 905 1850 el·-

226 1866 395 1905 wahnten,
424 1876 450 1897 5.
476 1865 628 1904 c.44,1)
653 1860 827 1907 Ἀντιόχω
845 1865 905 1896 καὶ

226 1914 303 1949 τοῖς
359 1911 542 1947 Αἰτωλοῖς
594 1908 659 1943 τὸῑ
710 1907 787 1942 ἀπὸ
845 1911 907 1950 τῆς

225 1953 351 2002 χώρας
388 1952 555 2002 πόλεμον
604 1953 808 1998 ἓξηνεγκαν.
862 1973 907 1977 —

229 2006 323 2036 iudic-
348 2021 392 2024 —
421 2004 571 2042 iuberent,
604 2012 629 2033 S.
665 2004 696 2041 9,
732 2003 763 2041 2,
800 2004 836 2041 53
875 2002 905 2037 S,

230 2051 284 2089 34,
311 2051 348 2081 4:
375 2050 534 2085 nuntiari,
553 2047 763 2088 gcwo'hnlich
780 2050 907 2079 demm-

227 2098 319 2136 tiare,
345 2096 490 2126 indicere.
517 2111 560 2116 —
591 2095 690 2126 auxil.
724 2111 769 2114 —-
808 2095 905 2133 quin-

226 2147 308 2182 yent.
343 2139 424 2171 weit
457 2143 622 2180 getrennt,
656 2149 683 2170 s.
717 2139 772 2178 36,
807 2140 839 2180 6,
869 2140 906 2178 83

230 2187 285 2225 32,
314 2187 365 2225 10,
393 2188 430 2225 53
455 2187 509 2224 22,
539 2186 589 2224 12,
619 2186 669 2217 11.
694 2202 739 2207 —-
757 2186 905 2225 trahent„

229 2232 287 2263 das
314 2231 413 2271 Volk,
433 2230 585 2272 obgleich
603 2229 824 2270 ohnmiichtig,
853 2232 907 2268 31,

233 2279 284 2317 15,
325 2279 364 2319 43
395 2277 439 2309 ib.
472 2279 527 2316 44,
555 2278 584 2316 9,
618 2275 663 2307 ist
698 2286 770 2307 zum
795 2274 908 2307 Abfall

229 2321 374 2363 geneigt,
423 2321 606 2362 Hertzberg
662 2323 815 2361 1,119.
864 2339 907 2344 —-

229 2371 350 2409 Boeoti,
377 2377 403 2399 c.
431 2370 484 2407 47,
512 2366 562 2401 3f
592 2385 636 2390 —
659 2374 736 2407 tum,
762 2365 831 2398 Pol.
852 2369 906 2407 20,

230 2415 614 2467 2τηπαρα1ενομειου
642 2414 709 2446 τοῦ
733 2413 909 2465 βασιλέως

230 2459 322 2515 πρὸς
345 2455 489 2499 αὐτοὺς,
512 2455 617 2493 τότε
646 2454 908 2500 βουλεύσονται

233 2505 319 2549 περὶ
339 2506 411 2538 τῶν
432 2506 783 2550 παρακαλουμένωπκ

279 2549 349 2591 50,
370 2552 435 2584 6-
441 2547 509 2587 51.
535 2549 666 2592 Ausang
684 2551 739 2582 des
756 2548 906 2591 hrieges

973 1589 1112 1632 Appian.
1139 1588 1216 1631 Syr.
1247 1590 1306 1629 123
1332 1588 1425 1620 Diod.
1454 1587 1519 1620 Sic.
1546 1589 1601 1628 29,
1624 1589 1651 1621 1.

1020 1636 1141 1668 6—11.
1166 1636 1349 1672 Eumenem,
1383 1634 1458 1665 dass
1488 1644 1554 1665 von
1580 1633 1653 1665 die-

974 1690 1042 1712 sem
1050 1681 1151 1712 schon
1161 1681 1295 1719 vorher,
1309 1690 1334 1711 s.
1346 1689 1374 1713 c.
1386 1681 1440 1719 39,
1452 1681 1482 1719 2,
1498 1678 1652 1722 Truppen

974 1726 1007 1758 iu
1033 1725 1164 1758 Chalcis
1197 1726 1475 1766 zuriickgelassen
1499 1724 1582 1765 sind,
1608 1724 1654 1756 ist

973 1772 1047 1803 hier
1077 1783 1107 1803 u.
1134 1770 1155 1813 ξ
1181 1773 1199 1805 8
1226 1771 1317 1803 nicht
1343 1771 1508 1803 beachtet.
1527 1789 1570 1793 --
1589 1773 1652 1803 mi-

975 1820 1051 1850 sisse
1076 1829 1109 1852 11.
1134 1820 1249 1850 milites
1285 1817 1364 1849 oder
1392 1817 1445 1849 ein
1478 1816 1651 1849 {ihnliches

978 1863 1089 1895 &Vor'n
1109 1883 1144 1886 —
1164 1865 1319 1904 Menipp„
1341 1863 1394 1894 bei
1414 1862 1553 1904 Appian.
1571 1865 1653 1895 Μι-

975 1912 1127 1949 κυθίων,
1147 1907 1251 1950 vgl.§
1273 1911 1323 1942 10.
1339 1927 1383 1931 -—
1400 1911 1490 1940 omni
1500 1911 1550 1949 cl„
1569 1908 1653 1940 dazu

975 1956 1063 1986 kann
1090 1966 1160 1987 cum
1178 1955 1303 1986 wieder
1321 1954 1465 1995 gedacht
1491 1954 1572 1986 oder
1595 1953 1654 1985 der

976 2001 1050 2033 Abl.
1069 2000 1134 2033 wie
1155 2011 1181 2033 c.
1197 2002 1252 2039 46,
1268 2003 1286 2034 3
1303 2009 1493 2041 genommen
1509 1999 1652 2031 werden.

977 2064 1021 2069 —-
1033 2054 1167 2086 repente,
1186 2057 1269 2088 ganz
1286 2046 1430 2086 schnellg
1445 2045 1496 2077 die
1515 2044 1654 2077 Aetoler

977 2093 1091 2124 riisten
1104 2092 1175 2124 sich
1190 2093 1274 2123 noch
1288 2092 1401 2124 immer
1415 2091 1518 2125 nicht.
1533 2109 1578 2114 —-
1588 2102 1654 2123 non

975 2141 1031 2177 ita,
1051 2148 1077 2169 c.
1101 2139 1153 2177 11,
1169 2139 1200 2172 2.
1213 2156 1258 2160 -
1271 2140 1450 2177 Rom.mil.,
1467 2137 1507 2168 ob
1521 2147 1587 2168 von
1596 2137 1655 2168 der

975 2184 1090 2216 Flotte
1111 2194 1137 2215 c.
1159 2185 1213 2224 37,
1230 2186 1260 2219 3,
1290 2184 1369 2215 oder
1387 2184 1458 2215 dem
1475 2181 1580 2215 Heere
1597 2182 1655 2214 des

976 2229 1118 2262 Baebius
1131 2240 1157 2261 c.
1173 2230 1228 2269 24,
1246 2231 1276 2263 7,
1298 2229 1341 2261 ist
1354 2229 1444 2261 nicht
1457 2229 1551 2265 klar:
1569 2228 1654 2259 nach

979 2274 1000 2317 ξ
1021 2277 1058 2309 11
1083 2275 1239 2307 scheinen
1255 2275 1303 2307 sie
1329 2285 1394 2307 von
1415 2274 1557 2307 Westen
1575 2273 1655 2305 oder

977 2320 1111 2353 Norden
1140 2332 1181 2353 zu
1213 2321 1373 2353 kommen.
1398 2338 1442 2344 -—
1466 2321 1659 2361 transqressi

977 2369 1072 2407 Eur„
1115 2366 1393 2399 wahrscheinlich
1436 2365 1481 2398 ist
1520 2365 1584 2397 wie
1629 2375 1656 2396 c.

978 2413 1031 2453 38,
1063 2394 1082 2445 7
1108 2413 1160 2445 die
1189 2413 1314 2444 Briicke
1346 2413 1427 2444 iiber
1462 2412 1523 2443 den
1556 2409 1656 2442 Euri-

976 2469 1045 2501 pus,
1074 2469 1102 2491 5.
1129 2460 1184 2499 28,
1212 2461 1242 2497 7,
1281 2460 1321 2496 23
1354 2460 1410 2499 31,
1446 2457 1570 2509 24,3,
1601 2458 1655 2497 45,

977 2506 1031 2543 27,
1051 2505 1083 2545 8,
1109 2515 1150 2536 zu
1169 2505 1307 2545 denken‚
1332 2504 1395 2546 die,
1420 2502 1484 2535 wie
1510 2503 1569 2534 der
1589 2500 1657 2534 Ge-

977 2554 1113 2590 gensatz
1156 2561 1185 2585 c.
1220 2552 1272 2590 51.
1323 2552 1358 2583 1:
1390 2551 1476 2582 mari
1507 2551 1658 2582 traiectus
