1747 2841
1410 134 1436 151 a.
1460 133 1490 152 u.
1508 125 1569 152 561.

143 131 168 173 8
605 128 730 161 LIBER
755 128 903 172 XXXV.
938 127 1030 161 CAP.
1056 130 1088 162 6.

95 238 122 276 6
260 233 406 272 Eodem
431 235 510 272 fere
531 239 707 283 tempore
730 231 903 270 duorum
926 231 1134 270 consulum
1154 230 1298 269 litterae
1315 231 1443 270 allatae
1465 235 1569 278 sunt,

143 290 184 329 L.
209 290 364 329 Corneli
395 290 441 328 de
474 289 621 340 proelio
653 289 698 327 ad
720 288 908 326 Mutinam
938 299 1028 326 oum
1051 287 1141 325 Bois
1173 289 1272 326 facto
1306 293 1342 326 et
1360 288 1405 334 Q.
1425 287 1570 326 Minuci

103 355 122 386 2
143 360 162 385 a
183 346 300 385 Pisis:
333 347 484 385 comitia
511 358 602 384 suae
632 345 745 383 sortis
777 356 882 390 esse,
915 349 1086 382 ceterum
1110 344 1205 382 adeo
1229 355 1419 394 suspensa
1440 344 1570 382 omnia

143 404 183 442 in
206 403 413 454 Liguribus
445 416 485 441 se
512 402 665 448 habere,
698 406 741 440 ut
769 400 922 439 abscedi
952 399 1040 438 inde
1069 400 1151 438 sine
1181 401 1351 451 pernicie
1370 400 1570 439 sociorum

104 468 122 500 3
144 467 180 498 et
201 459 343 498 damno
368 460 420 498 rci
444 459 617 510 publicae
640 470 719 496 non
741 463 883 508 posset.
931 457 962 495 si
982 457 1030 495 ita
1051 456 1248 495 videretur
1268 456 1454 507 patribus,
1479 457 1570 495 mit-

143 523 267 555 terent
289 517 333 554 ad
359 516 554 566 collegam,
586 521 625 554 nt
647 515 690 561 is,
713 515 779 564 qui
802 513 1048 564 profligatum
1073 512 1216 551 bellum
1238 513 1407 559 haberet,
1428 513 1475 552 ad
1500 526 1569 552 co-
1588 558 1590 560 v

103 579 124 610 4
147 573 248 611 mitia
279 573 442 611 Romam
477 572 639 616 rediret3
678 571 709 609 si
739 571 776 609 id
804 573 929 608 facere
961 575 1196 621 gravaretur,
1228 570 1333 620 quod
1364 582 1445 608 non
1476 582 1569 609 suae

144 629 258 667 sortis
280 629 316 667 id
342 629 539 679 negotium
561 633 672 674 esset,
693 641 732 666 se
754 627 912 678 quidem
936 629 1143 672 facturum,
1164 626 1441 677 quodcumque
1455 639 1569 665 sena-

143 692 203 724 tus
235 687 471 731 censuissem
501 685 567 724 sed
601 684 712 723 etiam
744 692 858 734 atque
890 684 1001 722 etiam
1030 683 1216 729 riderent,
1247 695 1296 721 ne
1328 683 1448 733 magis
1480 696 1499 721 e
1528 695 1570 722 re

143 741 294 792 publi-ca
326 748 427 780 esset
455 742 725 792 interregnum
748 741 848 786 iniri,
881 753 996 790 quam
1018 740 1063 777 ab
1086 752 1126 778 se
1149 740 1188 778 in
1212 752 1256 777 eo
1279 744 1379 777 statu
1401 739 1569 790 relinqui

104 810 123 840 5
145 798 397 848 provinciam.
449 806 605 837 senatus
629 798 667 836 C.
692 797 895 835 Scribonio
920 797 1120 848 negotium
1143 796 1257 843 dedit,
1284 801 1327 834 ut
1347 796 1446 835 duos
1464 796 1570 846 lega-

142 862 202 892 tos
247 867 293 893 ex
329 855 466 893 ordine
506 854 699 893 senatorio
742 854 909 892 mitteret
948 854 993 891 ad
1026 853 1067 891 L.
1099 853 1322 891 Cornelium
1355 853 1569 900 consulem,

104 922 122 954 ss
145 912 211 961 qui
251 912 393 950 litteras
436 912 600 962 collegae
642 910 687 948 ad
724 916 900 949 senatum
943 910 1080 948 missas
1112 910 1310 948 deferrent
1335 909 1381 947 ad
1413 922 1503 949 euin
1535 915 1572 948 et

142 968 363 1006 nuntiarent
394 975 582 1013 senatum,
614 968 654 1006 ni
685 968 716 1005 is
748 967 793 1005 ad
826 967 1070 1017 magistratus
1102 966 1373 1017 subrogandos
1405 967 1570 1005 Romam

142 1025 300 1070 veniret,
322 1025 451 1075 potius
477 1024 876 1075 quamQffilinuoium
898 1036 917 1061 a
938 1023 1038 1062 bello
1062 1024 1212 1073 integro
1233 1029 1422 1068 avocaret,
1445 1023 1568 1061 inter—

106 1089 121 1117 7
142 1093 306 1131 regnum
338 1082 427 1119 iniri
459 1094 678 1131 passurum.
719 1081 826 1118 missi
852 1080 962 1130 legati
986 1081 1259 1118 renumiarunt
1282 1080 1323 1118 L.
1345 1080 1569 1118 Cornelium

102 1142 121 1174 8
144 1136 189 1174 ad
228 1138 472 1188 magistratus
505 1137 777 1187 subrogandos
808 1137 972 1175 Romam
1004 1143 1225 1176 venturum.
1286 1136 1332 1174 de
1361 1136 1496 1174 litteris
1527 1136 1570 1174 L.

142 1194 310 1239 Corneli,
342 1207 437 1244 quas
469 1195 677 1244 scripserat
706 1193 924 1231 secundum
955 1194 1147 1243 proelium
1179 1205 1269 1232 cnm
1291 1193 1380 1231 Bois
1413 1195 1569 1239 factum,

141 1249 364 1300 disceptatio
386 1252 424 1289 in
450 1257 585 1289 senatu
606 1251 689 1299 ljuit,
721 1250 809 1300 quia
834 1250 1012 1300 privatim
1032 1250 1228 1300 plerisque
1250 1249 1495 1288 senatoribus
1511 1250 1569 1287 le-

101 1321 120 1352 9
142 1313 250 1356 gatus
275 1308 322 1345 M.
347 1307 528 1345 Claudius
561 1307 769 1357 scripserat
801 1308 978 1344 fortunae
1000 1307 1134 1356 populi
1157 1307 1323 1344 Romani
1347 1313 1384 1344 et
1402 1306 1569 1345 militum

142 1363 273 1401 virtuti
304 1364 460 1414 gratiam
494 1363 722 1408 habendam,
754 1362 860 1412 quod
895 1375 956 1400 res
982 1362 1081 1400 hene
1113 1368 1214 1412 gesta
1245 1368 1365 1408 esset,
1399 1362 1570 1400 consulis

142 1431 258 1469 opera
291 1427 326 1458 et
357 1421 519 1458 militum
552 1420 793 1469 aliquantum
823 1419 1030 1465 amissum,
1076 1425 1112 1457 et
1141 1419 1313 1457 hostium
1345 1419 1570 1463 exereitum,

81 1489 120 1521 10
142 1476 251 1514 cuius
284 1477 436 1515 delendi
469 1476 592 1515 oblata
624 1476 780 1514 fortuna
812 1476 939 1519 fuerit,
971 1475 1165 1536 elaRsum:
1197 1475 1336 1513 milites
1368 1488 1413 1513 eo
1436 1476 1569 1526 plures

889 1597 991 1629 Senat
1016 1602 1162 1638 geuannt
1186 1598 1330 1629 werden.
1362 1616 1399 1620 —
1427 1601 1471 1629 ad
1492 1609 1569 1637 sen„

889 1643 1001 1675 solche
1027 1643 1179 1675 Berichte
1209 1644 1266 1675 der
1284 1643 1483 1684 Mag-istrata
1509 1654 1567 1675 aus

889 1690 950 1720 den
965 1688 1152 1720 Provinzen
1178 1699 1219 1720 au
1239 1689 1299 1720 den
1315 1689 1417 1721 Sonat
1435 1689 1568 1721 werden

188 1596 319 1635 6-7.
371 1602 399 1632 5.
450 1599 730 1638 Yerhandlnngen
776 1597 819 1628 im

140 1643 261 1676 Senate
287 1656 327 1676 zu
342 1644 442 1684 Rom;
470 1645 521 1676 die
547 1645 601 1675 lex
617 1643 818 1686 Sempronia.

188 1692 285 1723 1—6.
327 1702 402 1722 setae
426 1703 450 1721 s.
476 1702 519 1730 e.,
562 1700 594 1721 es
623 1691 744 1730 gehiire
779 1700 818 1720 zu

140 1735 211 1767 dem
253 1736 316 1767 ihm
361 1737 462 1767 durch
504 1736 561 1767 das
596 1735 680 1766 Loos
717 1743 819 1776 zuge-

140 1780 283 1813 fallenen
299 1781 578 1821 Geschiiftskreis,
603 1792 626 1812 s.
652 1791 676 1811 c.
704 1782 757 1819 20,
782 1784 817 1819 2,

143 1829 196 1860 39.
225 1831 255 1864 0,
286 1829 312 1865 1,
350 1828 450 1858 schon
477 1827 540 1858 seit
565 1827 720 1867 liingerer
745 1826 819 1857 Zeit

141 1883 213 1903 war
238 1873 414 1905 hostiumn.
462 1874 555 1906 dass,
604 1882 698 1903 ueuu
724 1871 818 1903 beide

140 1918 284 1950 Consuln
326 1918 404 1949 Rom
452 1919 653 1954 xerliesson,
696 1918 820 1949 vorher

141 1964 242 1995 durch
272 1964 329 1995 das
359 1964 444 1995 Loos
470 1963 667 2005 festgesetzt
692 1964 817 2004 wurde,

140 2010 287 2041 welcher
321 2020 381 2040 zur
406 2009 548 2051 Leituug
581 2010 639 2040 der
674 2008 818 2040 &Vahlen

140 2055 193 2086 fiir
221 2056 277 2087 das
293 2056 430 2087 niichste
443 2055 526 2086 Jalu-
546 2054 819 2086 zuriickkonnuen

139 2101 255 2140 sollte,
291 2112 314 2132 s.
351 2100 527 2132 Mommsen
562 2100 651 2131 Ram.
687 2099 819 2131 Staats-

140 2147 234 2177 recht
264 2148 291 2187 1,
322 2148 355 2178 71
377 2158 385 2187 ς
412 2147 493 2178 iiber
517 2158 585 2178 sors
611 2147 665 2186 23,
685 2146 738 2186 30,
761 2148 819 2185 183

142 2193 194 2227 25,
211 2194 241 2231 3,
258 2193 286 2224 2.
303 2210 345 2214 —
360 2204 512 2231 suspensa
530 2211 570 2214 —
585 2194 653 2223 hab.
680 2191 722 2222 ist
748 2191 820 2223 hier

141 2236 241 2268 freier
281 2238 330 2269 als
367 2241 459 2268 sonst
499 2239 610 2269 habere
650 2237 709 2268 mit
747 2237 819 2268 dem

140 2287 226 2324 part.
251 2287 356 2325 praet.
382 2283 581 2319 verbunden,
608 2294 632 2314 S.
660 2281 737 2325 §33
765 2284 818 2322 38,

140 2329 200 2368 28,
238 2329 385 2371 10;21.
418 2330 475 2367 13,
504 2331 542 2369 6;
571 2330 631 2368 25,
659 2330 720 2368 38,
762 2329 819 2368 133

142 2375 195 2414 31,
221 2374 276 2414 42,
307 2375 342 2413 13
368 2372 520 2405 liiihnast
548 2376 622 2407 2015.
646 2391 685 2395 —
707 2376 818 2415 profl..

142 2420 180 2458 9,
216 2420 277 2458 29,
317 2421 352 2461 1⁶,
380 2421 439 2453 21.
468 2421 674 2459 40,11.-
698 2431 734 2451 ex
753 2423 820 2451 ord.

139 2471 249 2502 senat„
293 2465 375 2495 nach
416 2465 488 2496 dein
527 2465 820 2506 Sprachgebrauch

142 2510 288 2541 derZeit
307 2511 360 2541 des
377 2509 403 2540 L
419 2537 426 2550 ,
454 2510 485 2540 in
505 2510 563 2542 der
577 2510 819 2552 besprochenen

141 2554 216 2586 Zeit
256 2555 378 2586 konnte
418 2566 479 2586 nur
517 2556 574 2586 der
602 2555 820 2596 jedesinalige

890 1733 938 1765 oft
972 1745 1035 1765 von
1069 1735 1130 1766 den
1168 1734 1364 1766 Annalisten
1401 1735 1567 1775 erwtihnt,

889 1779 937 1811 oft
962 1781 1045 1811 auch
1072 1784 1341 1821 vorausgesetzt,
1368 1791 1392 1813 s,
1419 1790 1445 1812 e.
1472 1782 1502 1820 2,
1531 1782 1550 1812 6

889 1827 943 1866 31,
974 1828 1004 1865 3,
1031 1828 1060 1858 0.
1088 1844 1130 1848 —
1156 1829 1304 1868 interreg).
1331 1829 1397 1868 in,
1440 1836 1510 1858 was
1536 1825 1568 1857 iu

889 1872 949 1903 deu
980 1872 1103 1903 letzten
1129 1872 1263 1904 Jahren-
1284 1871 1389 1903 selten
1428 1873 1567 1913 gesche-

888 1918 951 1948 hen
977 1917 1031 1949 ist.

936 1964 1057 1996 8—10.
1083 1965 1119 1994 de
1144 1981 1188 1985 -—
1213 1975 1310 2004 quas,
1343 1974 1367 1994 s.
1393 1973 1430 1995 zu
1456 1973 1482 1997 c.
1515 1965 1568 2005 12,

893 2011 953 2049 143
980 2011 1034 2047 45,
1061 2010 1091 2049 S,
1117 2010 1147 2042 4.
1174 2026 1216 2031 —
1238 2012 1412 2048 privatim,
1439 2020 1479 2040 au
1506 2009 1569 2041 den

889 2053 990 2086 Senat
1017 2054 1184 2085 beriehtet
1218 2066 1278 2086 nur
1312 2055 1370 2086 der
1396 2054 1569 2086 Comman-

891 2099 1025 2131 dirende
1051 2100 1130 2131 oder
1159 2100 1274 2132 dessen
1304 2099 1568 2132 Stellvertreter.

889 2164 932 2168 -—
964 2148 1117 2186 plerisq.,
1164 2147 1223 2185 10,
1272 2146 1329 2185 13,
1377 2147 1570 2179 1—1.—-M.

889 2193 1016 2231 Claud„
1063 2192 1122 2222 der
1166 2202 1193 2222 c-.
1236 2194 1274 2231 5,
1323 2193 1336 2224 1
1381 2192 1567 2231 erw'ahnte‚

889 2237 978 2267 Sohu
1011 2237 1067 2268 des
1099 2236 1142 2268 im
1181 2240 1208 2269 2.
1243 2237 1421 2278 punischen
1447 2235 1570 2278 lii-iege

888 2282 1082 2314 beriihmtcn
1122 2282 1319 2322 Marcellus,
1361 2294 1387 2315 s.
1415 2284 1477 2323 33,
1505 2284 1567 2322 36;

889 2329 950 2367 42;
978 2330 1030 2360 47.
1121 2329 1197 2369 fort
1228 2341 1263 2368 p.
1289 2330 1349 2370 R„
1375 2329 1430 2368 38,
1456 2330 1512 2368 46,
1539 2331 1569 2361 4.

892 2391 931 2395 -
959 2384 1071 2413 opera,
1114 2384 1150 2405 so
1188 2373 1256 2406 viel
1294 2383 1330 2405 er
1366 2374 1451 2406 habe
1485 2374 1569 2406 thun

892 2419 1032 2459 konnen,
1062 2419 1195 2455 Schuld,
1222 2420 1276 2460 38,
1301 2421 1356 2461 43,
1377 2421 1411 2460 13
1438 2421 1492 2459 39,
1515 2420 1570 2460 36,

892 2466 950 2499 15;
976 2466 1037 2505 41,
1075 2466 1134 2506 16,
1170 2467 1199 2498 2.
1235 2483 1278 2488 -
1306 2467 1364 2497 obl.
1392 2466 1571 2506 -fum-ae't,

889 2510 1093 2550 dargeboten
1122 2521 1275 2551 genesen
1299 2511 1359 2551 sei,
1387 2512 1418 2552 2,
1451 2512 1505 2551 23,
1533 2512 1570 2549 53

891 2556 945 2596 2¹5,
978 2557 1029 2593 16,
1056 2559 1075 2589 4
1100 2568 1130 2588 u.
1157 2567 1207 2597 a.,
1242 2557 1300 2588 das
1328 2556 1455 2597 einzige
1484 2554 1571 2588 Perf.
