1747 2841
656 146 780 180 LIBER
792 145 987 180 XXXVIII.
1012 146 1104 180 CAP.
1122 150 1174 182 22.
1188 149 1240 182 23.
1508 154 1535 173 a.
1554 154 1582 174 u.
1599 146 1659 174 565.

238 148 320 190 308

237 258 296 292 ret
324 263 474 303 agmen,
504 251 727 303 colligendis
759 263 828 302 per
858 250 1032 290 tumulos
1052 251 1149 298 telis,
1179 257 1222 290 ut
1243 251 1400 290 missilia
1421 251 1656 299 sufficerent,

201 311 219 342 Τ
240 309 343 348 haud
372 320 488 360 segne
524 308 563 347 id
582 309 712 359 ipsum
734 314 888 358 tempus
912 314 1218 358 consumpserat.
1262 308 1338 347 iam
1359 308 1491 347 castris
1512 320 1657 360 appro-

239 365 498 417 pinquabant,
529 370 566 404 et
586 365 691 413 Galli,
724 376 771 402 ne
802 376 942 414 parum
965 376 1006 403 se
1027 364 1267 403 munimenta
1291 377 1361 403 sua
1382 370 1566 415 tegerent,
1592 377 1655 404 ar-
1675 389 1679 393 -

241 423 332 461 mati
355 434 426 473 pro
449 422 550 460 vallo
575 422 835 460 constiterant.
877 420 1006 459 obruti
1027 421 1166 460 deinde
1190 421 1296 461 omni
1315 433 1456 472 genere
1476 421 1655 468 telorum,

239 491 341 525 cum,
370 490 448 529 quo
471 478 602 529 plures
624 484 738 529 atque
760 477 960 516 densiores
982 484 1101 524 erant,
1121 490 1165 516 eo
1190 478 1320 517 minus
1340 478 1427 516 vani
1450 478 1659 528 quicquam

237 535 485 574 intercideret
513 535 588 582 teli,
617 535 718 574 intra
748 534 891 572 vallum
923 540 1121 573 momento
1151 534 1336 585 temporis
1368 534 1657 585 compelluntur

200 607 220 639 g
238 591 467 631 stationibus
497 597 647 630 tantum
678 591 798 630 firmis
827 590 873 629 ad
904 591 1010 642 ipsos
1040 591 1164 630 aditus
1189 597 1389 642 portarum
1416 591 1568 630 relictis.
1615 591 1657 630 i'n

239 648 526 687 multitudinem
557 649 796 699 compulsam
817 648 857 686 in
881 653 1002 686 castra
1023 648 1078 686 vis
1103 648 1241 698 ingens
1265 647 1468 686 missilium
1489 648 1656 686 telorum

239 704 520 752 coniciebatur,
565 710 601 743 et
630 704 823 744 vulnerari
853 704 995 743 multos
1021 705 1165 743 clamor
1194 703 1409 755 permixtus
1448 705 1658 744 mulierum

201 773 220 804 9
239 768 354 812 atque
376 773 594 813 puerorum
615 761 826 812 ploratibus
848 761 1094 812 significabat.
1121 761 1161 799 in
1183 773 1262 808 eos,
1284 760 1350 811 qui
1372 766 1503 811 portas
1524 761 1658 800 statio-

240 818 356 857 nibus
381 819 460 857 suis
482 819 708 865 clauserant,
730 818 929 869 legionum
952 817 1191 869 antesignani
1213 818 1286 869 pila
1309 817 1570 864 coniecerunt.
1610 817 1656 856 iis

240 888 330 914 vero
353 887 434 914 non
457 874 770 921 vulnerabantur,
793 875 859 913 sed
883 875 1201 914 transverberatis
1223 874 1342 913 scutis
1361 874 1536 925 plerique
1558 875 1658 913 inter

241 946 280 971 se
312 932 479 970 conserti
509 931 739 977 haerebant3
767 944 839 970 1166
865 931 1008 970 (liutius
1038 932 1226 983 impetum
1248 932 1517 970 Romanorum
1539 931 1657 970 susti-

164 998 221 1038 23
241 994 425 1028 nuerunt.
454 988 677 1027 Patentibus
699 989 774 1026 iam
795 988 929 1039 portis,
949 988 1177 1039 priusquam
1198 988 1462 1039 irrumperent
1480 988 1657 1035 victores,

242 1048 332 1097 fuga
363 1058 383 1084 e
411 1045 543 1083 castris
566 1045 763 1084 Gallorum
791 1045 831 1083 in
861 1045 988 1084 omnis
1019 1051 1146 1096 partes
1175 1046 1272 1083 facta
1301 1050 1367 1083 est.
1418 1051 1539 1083 ruunt
1558 1044 1659 1083 caeci

241 1115 311 1154 per
340 1102 430 1149 vias,
460 1114 529 1152 per
548 1101 670 1148 invia3
699 1101 801 1140 nulla
822 1102 1042 1152 praecipitia
1065 1115 1165 1148 saxa,
1196 1102 1321 1140 nullae
1342 1113 1460 1152 rupes
1484 1100 1656 1148 obstant3

202 1172 221 1204 2
241 1159 336 1197 nihil
356 1164 507 1210 praeter
530 1158 680 1197 hostem
701 1164 898 1197 metuunt:
928 1159 1055 1209 itaque
1075 1158 1249 1209 plerique
1264 1158 1490 1209 praecipites
1508 1170 1577 1209 per
1589 1170 1656 1197 va-

242 1222 339 1254 stam
365 1215 601 1254 altitudinem
637 1215 805 1265 prolapsi
834 1227 876 1252 ac
898 1215 1077 1256 debilitati
1101 1215 1379 1253 exanimantur.
1431 1215 1570 1253 consul
1592 1226 1657 1253 ca-

242 1272 315 1323 ptis
347 1272 478 1310 castris
510 1271 724 1322 direptione
754 1271 973 1322 praedaque
996 1269 1159 1310 abstinet
1178 1271 1357 1317 militem,
1388 1271 1498 1322 sequi
1525 1283 1596 1322 pro
1617 1283 1658 1310 se

202 1347 222 1379 3
243 1340 437 1379 quemque
459 1333 495 1366 et
511 1328 655 1366 instare
677 1333 714 1366 et
733 1328 919 1378 perculsis
941 1340 1127 1379 pavorem
1149 1327 1290 1366 addere
1310 1327 1425 1366 iubet.
1467 1340 1655 1378 superve-

240 1386 297 1424 nit
317 1391 354 1424 et
373 1385 536 1424 alterum
557 1397 646 1423 cum
661 1384 702 1422 L.
715 1384 855 1423 Manlio
880 1397 1037 1436 agmen,
1064 1397 1136 1423 1166
1156 1397 1222 1423 605
1238 1390 1359 1423 castra
1377 1384 1521 1423 intrare
1544 1384 1657 1431 sinit;

240 1488 339 1528 οοίίί9.
366 1504 409 1508 --
433 1488 492 1526 tel„
523 1487 574 1525 10,
600 1486 654 1525 29,
684 1488 723 1527 63
753 1496 830 1525 per:
860 1483 920 1516 auf

241 1551 284 1555 »Η
310 1533 432 1564 herum.
464 1550 507 1554 -—
526 1533 615 1563 haud
635 1542 725 1573 seyne
741 1549 784 1553 —-
799 1534 915 1571 ipsum,

241 1578 334 1609 nicht
356 1589 395 1610 ne
420 1595 464 1599 —
488 1579 623 1618 quidem,
660 1576 739 1608 weil
771 1576 822 1608 die
847 1575 915 1608 Ne-

241 1623 356 1664 gation
379 1623 439 1655 mit
462 1634 551 1665 seyne
569 1622 758 1655 verbunden
782 1622 915 1654 werden

242 1669 353 1709 sollte,
386 1680 411 1700 5.
447 1671 475 1708 1,
513 1670 566 1708 56,
595 1670 634 1708 83
671 1679 762 1710 seyne
796 1675 916 1707 tempus

242 1715 306 1746 wie
330 1717 434 1756 seqnis
455 1726 545 1747 mora
569 1715 622 1754 25,
657 1716 688 1753 8,
726 1715 782 1753 133
814 1716 918 1755 seyme

240 1771 359 1802 puyna,
385 1762 502 1792 obsidio
527 1771 557 1791 11.
583 1770 623 1799 6.,
652 1763 744 1791 sonst
776 1759 916 1791 braucht

242 1805 278 1837 L.
312 1806 395 1837 auch
427 1806 484 1837 das
517 1805 661 1837 Adverb.
701 1808 845 1847 aequiter,
885 1806 916 1844 3,

244 1854 298 1889 70,
325 1853 343 1884 3
368 1862 398 1883 u.
424 1862 454 1884 a.
479 1869 522 1873 —
547 1857 576 1883 et
600 1852 696 1892 Galli,
727 1862 752 1883 S.
783 1852 836 1892 36,
865 1851 916 1890 12,

245 1899 274 1930 5.
301 1914 345 1918 —
376 1908 415 1929 ne
434 1908 555 1937 parum
590 1897 694 1937 h‘tingt
724 1897 816 1928 mehr
852 1907 917 1927 von

243 1943 347 1974 ciuem
382 1953 422 1974 zu
463 1942 654 1974 denkenden
696 1942 823 1983 Begriff
859 1942 918 1973 der

244 1987 368 2019 Furcht
391 1988 442 2027 ab,
467 1988 516 2020 als
542 1998 606 2019 von
631 1990 749 2020 armati
770 1990 917 2020 eonstite-

242 2040 328 2066 ram.
347 2052 390 2055 —
407 2036 487 2065 vam'
509 2036 617 2075 quidq.
638 2051 681 2055 —
701 2036 762 2069 teli,
783 2033 916 2064 {ihnlich

244 2082 275 2119 9,
298 2081 348 2114 16,
367 2081 403 2111 7:
430 2081 514 2111 m'ln'l
534 2082 610 2111 satis
618 2082 808 2119 praeparata·
828 2086 916 2118 erat,-

245 2126 298 2165 32,
324 2126 374 2161 13,
391 2127 408 2157 7
420 2136 427 2156 :
440 2127 559 2166 reliqui
567 2127 740 2166 quidquam
748 2126 833 2166 fuit,
848 2125 914 2165 vgl.

245 2173 298 2210 37,
325 2172 378 2211 23,
408 2172 466 2210 113
492 2181 550 2202 zur
563 2171 668 2202 Sache
684 2181 711 2205 6.
727 2172 780 2211 26,
797 2172 833 2210 73
860 2172 914 2207 21,

245 2218 275 2250 S.
314 2217 344 2249 9.
380 2234 420 2238 —
461 2227 527 2248 ozon
574 2235 579 2238 <
639 2219 702 2256 sed,
744 2216 798 2248 bei
844 2217 915 2248 deni

242 2261 481 2293 Durchstossen
514 2263 571 2294 der
602 2261 734 2293 Schilde
771 2262 914 2293 konnten

243 2307 409 2338 natiirlich
450 2309 535 2339 auch
576 2307 626 2339 die
668 2307 796 2339 Gallier
837 2317 914 2338 ver-

243 2353 377 2384 wundet
402 2354 545 2390 werden,
582 2354 662 2385 aber
695 2353 799 2385 dieses
830 2353 915 2384 wird

244 2398 277 2429 in
301 2408 449 2430 unserem
473 2398 567 2431 Falle
601 2399 651 2430 als
687 2399 915 2430 unbedeutend

244 2444 446 2483 bezeichnet,
471 2455 567 2476 wenn
591 2445 682 2476 nicht
706 2445 763 2476 das
788 2444 915 2476 Zweite

243 2489 479 2530 hinzukommt,
505 2490 569 2531 vgl.
599 2501 624 2522 6.
653 2493 705 2529 50,
733 2492 770 2527 ὃς
802 2492 832 2530 6,
864 2491 914 2532 13,

246 2537 281 2570 7:
312 2537 364 2568 23.
385 2538 414 2572 5,
436 2538 465 2568 7.
492 2554 535 2558 -—
552 2538 681 2577 pleriq„
703 2536 780 2567 sehr
804 2535 907 2578 w'eleg

244 2580 295 2611 die
329 2580 457 2613 Gallier
491 2582 629 2613 standon
668 2592 703 2613 so
740 2582 912 2622 gedr'zingt,

985 1486 1060 1517 dass
1086 1485 1137 1517 die
1163 1485 1296 1517 R'a'nder
1331 1485 1388 1517 dex·
1412 1485 1544 1517 Schilde
1575 1485 1657 1518 iiber

984 1531 1141 1563 einander
1166 1531 1324 1570 reichten,
1347 1530 1411 1562 wie
1447 1533 1498 1569 10,
1532 1532 1586 1571 29,
1614 1533 1655 1573 63

985 1576 1077 1609 Caes.
1111 1579 1138 1617 1,
1167 1578 1220 1617 25,
1250 1578 1286 1609 3:
1320 1578 1422 1609 Gallis
1452 1588 1563 1619 mayno
1588 1584 1657 1610 erat

984 1625 1223 1666 impedimento,¹
1251 1625 1338 1663 quod
1363 1624 1511 1662 pluribus
1549 1634 1658 1655 eorum

983 1671 1080 1701 scutis
1104 1680 1169 1701 meo
1194 1671 1258 1700 ictu
1278 1670 1419 1707 pilorum
1442 1671 1606 1709 transfixis
1630 1668 1658 1701 'et

983 1717 1135 1756 oolliqatz's
1161 1732 1204 1736 —
1228 1725 1328 1755 neque
1357 1716 1482 1746 evellere
1508 1732 1552 1736 —
1569 1721 1657 1754 pote-

984 1767 1075 1800 ra22t3
1109 1760 1177 1800 vgl.
1210 1758 1331 1800 jedoch
1364 1759 1445 1791 oben
1479 1769 1505 1791 6.
1545 1761 1600 1800 21,
1626 1763 1657 1794 4.
1695 1757 1698 1759 ’

987 1823 1029 1828 --
1049 1807 1170 1838 lzaereb.
1196 1805 1261 1846 vgl.
1288 1815 1312 1836 6.
1342 1806 1396 1845 27,
1425 1807 1461 1845 1;
1489 1807 1542 1845 22,
1570 1808 1601 1848 5,
1627 1808 1657 1839 5.

1032 1848 1100 1887 23.
1129 1852 1228 1883 1—3.
1252 1853 1319 1883 vias
1337 1869 1380 1873 —
1406 1853 1481 1891 inv„
1502 1861 1528 1883 6.
1552 1853 1584 1891 2,
1608 1853 1658 1885 14.

983 1908 1061 1928 saxa
1088 1915 1131 1919 ——
1158 1907 1262 1936 rupes,
1289 1896 1356 1937 vgl.
1389 1898 1444 1936 21,
1477 1897 1530 1938 33,
1555 1899 1586 1930 4.
1613 1915 1656 1919 -

984 1945 1106 1974 obstant
1141 1954 1170 1973 n.
1207 1944 1248 1974 iz's
1285 1943 1364 1974 oder
1395 1943 1498 1983 fuyae
1538 1954 1656 1983 eorum,

984 1989 1130 2020 beminen
1157 1988 1228 2020 ihre
1253 1987 1384 2028 Flucht,
1413 1989 1468 2031 22,
1497 1990 1528 2029 6,
1555 1991 1584 2022 5.
1614 2006 1656 2012 —

977 2036 1120 2074 praccz'p.
1138 2033 1183 2065 ist
1200 2033 1259 2064 mit
1268 2036 1417 2073 prolapsi
1431 2045 1459 2065 a.
1478 2037 1507 2066 d.
1522 2044 1560 2066 zu
1578 2043 1656 2066 ver-

985 2079 1113 2111 binden.
1138 2097 1181 2101 —
1209 2091 1245 2111 (w
1263 2081 1365 2120 debit„
1391 2079 1442 2111 die
1476 2080 1546 2112 hds.
1575 2079 1656 2112 Les-

985 2129 1038 2156 art
1062 2132 1118 2157 aut
1141 2127 1230 2157 debit.
1255 2124 1299 2156 ist
1323 2125 1389 2156 wol
1409 2124 1499 2156 nicht
1523 2125 1656 2167 richtig,

986 2171 1026 2202 da
1051 2171 1142 2202 nicht
1166 2170 1399 2202 verschiedene
1424 2170 1560 2203 Classen
1592 2181 1657 2202 von

954 2217 959 2230 ⁴
984 2215 1255 2248 Umkommenden
1280 2216 1530 2249 unterschieden
1567 2226 1656 2248 wer-

985 2262 1066 2295 den:
1104 2262 1186 2294 iiber
1221 2264 1336 2294 debilit.
1372 2272 1397 2294 s.
1435 2264 1489 2302 21,
1525 2264 1580 2302 40,
1617 2264 1655 2296 9;

984 2311 1107 2339 contusi
1135 2319 1170 2339 ac
1200 2310 1354 2340 debilitati
1381 2310 1465 2340 inter
1495 2319 1572 2341 saxa
1594 2320 1655 2341 ru·-

977 2364 1103 2394 pesqcce.
1142 2372 1184 2376 -
1217 2355 1350 2386 abstinet
1383 2353 1515 2386 enthiilt
1552 2354 1651 2386 sehon

982 2399 1042 2431 deu
1072 2399 1196 2440 Begriff
1217 2399 1273 2431 des
1297 2398 1439 2440 Befehls,
1465 2410 1501 2431 so
1527 2399 1601 2431 dass
1620 2409 1654 2431 es

984 2445 1075 2476 nicht
1110 2445 1143 2476 in
1183 2447 1337 2477 abstinere
1368 2456 1408 2476 zu
1440 2445 1654 2477 verwandeln
1714 2487 1716 2490 ἱ

981 2491 1046 2521 und
1071 2501 1135 2522 von
1160 2493 1243 2523 iubet
1261 2490 1428 2532 abh'tingig
1453 2501 1494 2523 zu
1517 2491 1653 2522 macheu

981 2536 1034 2567 ist.
1062 2554 1104 2558 —-
1128 2548 1183 2568 nee
1207 2551 1250 2563 -—-
1275 2548 1315 2569 ne
1347 2554 1383 2559 —
1405 2539 1544 2578 quidem,
1575 2547 1600 2570 S.
1626 2547 1653 2569 6.

981 2583 1034 2616 44,
1071 2583 1110 2619 ὃς
1143 2584 1196 2615 40.
1233 2583 1286 2616 20.
1322 2584 1360 2617 6:
1395 2584 1424 2621 1,
1451 2583 1505 2624 27,
1534 2584 1583 2616 10.
1610 2600 1653 2608 Ρ-
