1747 2841
198 136 281 178 310

617 137 740 170 LIBER
753 136 945 171 XXXVIII.
977 135 1068 170 CAP.
1084 139 1136 171 23.
1151 139 1204 172 24.

1466 143 1491 162 a.
1511 143 1538 162 u.
1556 135 1617 162 565.

197 245 283 279 ante
316 240 442 279 omnis
463 240 609 279 Attalus
640 252 796 279 summo
829 245 1051 279 ceterorum
1079 240 1268 280 adsensu:
1302 253 1392 280 nam
1412 240 1616 292 singularis

198 297 280 336 eius
310 296 460 335 iuvenis
492 309 582 336 cum
612 296 733 336 virtus
757 303 793 336 et
815 296 1003 335 industria
1025 296 1064 335 in
1087 297 1269 336 omnibus
1291 297 1488 337 laboribus
1510 296 1615 348 peri-

199 353 373 404 culisque
394 359 477 392 tum
498 353 685 392 modestia
703 353 815 392 etiam
837 355 972 392 fuerat.

120 411 182 451 24

312 411 520 462 Supererat
550 409 692 449 bellum
722 411 916 461 integrum
948 421 1037 449 cum
1070 408 1299 460 Tectosagis.
1350 410 1397 449 ad
1424 423 1490 449 eos
1520 422 1616 461 pro-

201 469 323 505 fectus
345 467 483 505 consul
503 466 621 505 tertiis
642 467 775 506 castris
787 466 994 517 Ancyram,
1017 464 1188 504 nobilem
1207 465 1246 504 in
1266 466 1338 505 illis
1353 467 1447 506 locis
1465 466 1614 513 urbem,

160 532 180 564 2
199 523 385 574 pervenit,
415 522 518 562 unde
542 523 672 562 hostes
695 523 807 574 paulo
830 523 916 574 plus
939 523 1073 562 decem
1094 521 1195 561 inilia
1215 521 1383 562 aberant.
1435 522 1500 562 ubi
1527 535 1617 562 cum

198 580 330 618 stativa
353 585 502 627 essent,
529 580 677 618 facinus
701 579 949 618 memorabile
972 592 993 618 a
1016 579 1163 630 captiva
1194 580 1339 618 factum
1369 585 1436 619 est.
1481 575 1617 631 Orgiass

199 637 325 687 gontis
348 637 470 687 reguli
492 649 591 675 uxor
612 638 739 676 forma
759 636 898 675 eximia
921 635 1210 675 custodiebatur
1228 635 1328 674 inter
1350 637 1481 687 plures
1495 636 1616 687 capti-

199 706 286 740 vas3
318 693 379 732 cui
400 693 595 732 custodiae
617 693 791 732 centurio
814 698 991 744 praeerat
1012 699 1048 732 et
1067 692 1235 731 libidinis
1257 698 1293 731 et
1314 693 1491 732 avaritiae
1514 693 1616 732 mili-

158 755 179 787 3
200 750 300 788 taris.
336 749 368 788 is
390 750 516 800 primo
539 750 714 789 animum
736 750 952 800 temptavit3
976 762 1094 800 quem
1116 761 1204 788 cum
1219 748 1495 788 abhorrentem
1509 762 1530 788 a
1544 761 1616 788 vo-

199 806 364 846 luntario
387 806 533 845 videret
553 813 701 857 stulu-0,
732 807 900 858 corpori,
932 807 1037 857 quod
1061 818 1220 845 servum
1241 807 1400 845 fortuna
1421 811 1512 853 erat,
1539 806 1618 845 vim

160 865 182 897 4
201 863 300 902 fecit.
327 863 467 902 deinde
489 863 534 902 ad
556 864 776 902 leniendam
797 863 1063 914 indignitatem
1086 862 1249 901 iniuriae
1273 875 1383 914 spem
1404 863 1550 902 reditus
1571 863 1619 902 ad

200 932 294 959 suos
317 920 468 959 mulieri
491 921 590 967 facit,
612 926 649 959 et
671 933 720 959 ne
745 933 829 959 eam
850 920 1020 971 quidem,
1046 925 1088 958 ut
1108 931 1253 964 amans,
1277 919 1490 970 gratuitam.
1512 924 1618 958 certo

200 977 282 1015 auri
312 977 486 1027 pondere
514 984 669 1027 pactus,
700 989 749 1015 ne
778 989 896 1028 quem
927 989 1091 1015 suorum
1122 976 1324 1015 conscium
1343 976 1519 1023 haberet,
1545 975 1621 1027 ipsi

200 1034 395 1084 permittit,
416 1039 470 1080 ut,
492 1046 609 1084 quem
629 1033 751 1080 vellet,
773 1046 896 1072 unum
918 1046 963 1072 ex
985 1033 1142 1084 captivis
1164 1033 1345 1072 nuntium
1359 1033 1405 1072 ad
1423 1045 1515 1072 suos
1529 1033 1620 1072 mit-

161 1094 181 1126 5
201 1096 306 1129 teret.
356 1091 485 1128 locum
507 1103 630 1141 prope
652 1090 799 1128 flumen
820 1090 1027 1137 constituit,
1056 1102 1134 1140 quo
1159 1090 1237 1129 duo
1258 1102 1307 1128 ne
1329 1090 1416 1141 plus
1437 1102 1618 1129 necessa-

199 1147 246 1185 rii
267 1147 435 1198 captivae
458 1159 547 1185 cum
570 1159 666 1185 auro
691 1147 868 1185 venirent
888 1152 1001 1186 nocte
1025 1147 1247 1198 insequenti
1267 1146 1313 1185 ad
1329 1159 1412 1185 eam
1425 1146 1619 1197 accipien-

198 1292 231 1324 in
251 1292 435 1332 derselben,
457 1293 510 1331 42,
537 1294 590 1331 60,
622 1294 674 1326 10.
689 1310 732 1314 -
756 1294 872 1333 quisq„

197 1339 270 1370 hier
309 1337 342 1369 in
383 1336 545 1369 soharfem
588 1336 794 1378 Gegeusatze
834 1347 875 1369 zu

196 1395 317 1417 omnes:
363 1382 460 1423 jeder
503 1383 652 1415 einzelne
695 1381 749 1415 fiir
791 1381 873 1422 sich,

196 1430 256 1461 hat
290 1429 362 1461 sich
397 1439 438 1460 an
472 1429 529 1461 das
570 1428 621 1460 die
654 1428 876 1469 Vertheilung

199 1475 440 1508 bezeichnende
450 1486 514 1515 pro
532 1477 642 1507 merito
658 1474 874 1515 angeschlos-

197 1532 266 1562 sen,
301 1521 369 1562 vgl.
406 1522 459 1561 34,
490 1521 542 1561 56,
577 1522 614 1554 6:
647 1532 711 1560 pro
744 1531 873 1552 numero

198 1570 359 1609 cuiusque.
387 1585 431 1589 —-
457 1577 527 1599 omn
557 1584 600 1589 —
624 1573 691 1598 tum
715 1568 817 1604 etiam,
843 1567 874 1605 2,

204 1615 254 1653 17,
278 1616 319 1655 43
349 1613 380 1653 3,
417 1614 471 1651 55,
500 1614 519 1645 7
545 1623 574 1644 u.
604 1622 634 1643 a.

247 1655 423 1695 24-27.
452 1656 555 1699 Hrieg
582 1667 687 1699 gegen
715 1656 767 1688 die
784 1655 873 1688 Tek-

199 1709 346 1746 tosagen.
393 1703 512 1747 Polyb.
547 1704 601 1743 21,
637 1704 698 1737 38·,
736 1702 874 1744 Appian.

198 1750 277 1793 Syr.
302 1751 362 1790 423
391 1748 477 1781 Plut.
507 1750 545 1781 de
572 1749 649 1780 virt.
682 1748 757 1780 mul.
784 1758 810 1778 c.
832 1749 874 1781 43

200 1808 228 1839 p.
251 1798 334 1836 2583
353 1795 428 1828 val.
447 1795 537 1827 Max.
556 1796 586 1836 6,
610 1797 624 1828 1
644 1798 711 1826 ext.
732 1796 769 1833 23
784 1792 874 1825 Flor.

205 1844 232 1885 1,
258 1843 299 1875 27
326 1843 367 1882 (2,
400 1841 466 1881 11),
495 1843 533 1881 63
558 1840 637 1872 Aur
666 1840 752 1872 vict
780 1841 832 1872 55.

250 1890 346 1921 1—2.
371 1888 510 1928 Anam„
539 1885 658 1918 Strabo
696 1887 745 1924 12,
779 1887 809 1923 5,
839 1886 876 1918 2:

202 1929 389 1987 Τεκτόσαγ
392 1945 425 1972 ες
450 1933 600 1976 (ἔχουσι)
626 1929 669 1964 τὰ
696 1928 787 1984 πρὸς
834 1931 878 1977 τῇ

200 1976 341 2025 μεγάλη
368 1981 516 2031 <1592qu
543 1979 590 2032 τῇ
619 1975 710 2010 κατὰ
741 1980 877 2009 Πεσσι-

203 2034 354 2060 νουντα’
384 2020 523 2058 τούτωι
549 2014 590 2057 δ”
625 2019 669 2064 ἦν
696 2017 876 2068 φρούριον

192 2069 363 2117 ’Ἀγκυρα,
385 2070 413 2111 j.
433 2069 612 2111 Engiirieh,
648 2079 689 2100 an
713 2068 784 2100 dem
812 2078 875 2098 von

202 2118 304 2150 Osten
329 2116 542 2149 kommenden
563 2115 689 2147 Zutluss
715 2115 770 2145 des
791 2112 875 2144 San-

202 2163 325 2205 garius.
341 2165 496 2203 —paulo
522 2174 558 2202 p.
592 2163 621 2193 d.
647 2173 698 2201 m,
727 2169 762 2191 so
796 2159 877 2191 weit

203 2220 276 2241 war
298 2210 368 2241 also
398 2209 454 2240 das
482 2186 771 2250 Magabagebirge‚
797 2215 820 2236 s.
847 2214 874 2236 c.

207 2257 355 2296 19,1,
399 2252 554 2287 entfernt
600 2272 637 2276 --
681 2254 873 2293 Oryiayont„

202 2301 324 2333 ebenso
349 2299 498 2333 schreibt
528 2300 605 2334 Val
641 2297 749 2339 Maxq
782 2295 873 2328 Flor.

205 2346 426 2388 Orgiacontis,
454 2345 506 2378 die
532 2345 628 2378 beide
656 2354 713 2376 aus
751 2342 786 2374 L.
816 2352 874 2383 ge·-

202 2391 342 2434 εοὴὸρΐῐ,
367 2393 429 2424 den
453 2391 577 2424 Namen
601 2392 672 2423 also
692 2389 808 2421 anders
816 2364 877 2419 Dals

204 2448 231 2469 c
263 2439 301 2471 19
327 2437 539 2479 geschrieben
564 2435 726 2479 gefuuden
758 2434 875 2474 haben,

204 2484 363 2515 wahrend
387 2483 517 2526 Polyb„
541 2482 641 2523 Plut„
667 2481 756 2513 Suid.
795 2460 878 2511 aucti

204 2529 278 2561 hier
305 2530 356 2562 die
386 2529 412 2561 F
416 2539 483 2561 orm
509 2528 670 2570 Ortiagon
696 2527 816 2559 bieten.
833 2543 878 2547 —

206 2586 299 2613 uxor,
316 2576 398 2607 nach
414 2574 499 2608 Plut.
514 2573 700 2607 Chiomara.
715 2573 879 2614 —forma

944 1304 1005 1333 ex„
1032 1296 1062 1333 1,
1090 1294 1121 1333 9,
1156 1294 1204 1325 12.
1232 1310 1275 1314 ·-
1300 1295 1427 1332 interp.
1453 1303 1489 1331 o„
1514 1291 1619 1324 Plut.:

944 1336 1036 1384 μετὰ
1069 1339 1143 1372 τῶν
1180 1333 1301 1371 ἄλλων
1334 1339 1528 1381 γυναικῶν.
1576 1356 1621 1361 —-

944 1391 1064 1464 elezaar.
1092 1403 1133 1407 -
1160 1386 1211 1416 lib.
1237 1395 1260 1415 e.
1286 1395 1335 1416 av.
1368 1386 1448 1426 mil„
1480 1384 1533 1423 35,
1567 1384 1622 1425 31,

992 1523 1090 1555 3-6,
1135 1523 1295 1560 animum,
1338 1519 1427 1552 w‘ell.
1467 1519 1511 1551 ist
1553 1522 1622 1552 eius

945 1567 1037 1599 nicht
1063 1566 1304 1607 hinzugesetzt,
1330 1576 1384 1597 um
1409 1566 1470 1598 den
1489 1564 1620 1607 Gegcn-

943 1617 1016 1645 satz
1048 1612 1216 1644 zwischen
1248 1613 1390 1643 animum-
1422 1623 1452 1643 u.
1486 1613 1621 1651 corpori,

944 1670 971 1691 s.
993 1661 1022 1699 1,
1043 1660 1096 1698 58,
1117 1660 1147 1698 7,
1166 1656 1319 1689 schiirfer
1334 1657 1620 1689 hervorzuheben.

944 1723 989 1727 ——-
1014 1716 1149 1743 servum,
1176 1714 1202 1735 s.
1229 1704 1282 1741 37,
1312 1704 1365 1742 54,
1400 1703 1439 1741 ὃς
1472 1703 1526 1742 42,
1565 1704 1619 1742 46,

945 1753 977 1790 4,
1015 1750 1107 1781 nicht
1137 1750 1198 1781 deu
1233 1747 1337 1789 Geist,
1372 1749 1431 1780 der
1459 1746 1522 1780 frei
1555 1748 1622 1780 und

944 1795 1145 1836 hochherzig
1169 1794 1341 1836 gehlieben
1368 1804 1449 1833 war,
1472 1793 1538 1835 vgl.
1564 1795 1620 1833 37,

947 1844 1001 1881 45,
1032 1843 1090 1881 11;
1119 1851 1177 1872 zur
1212 1839 1379 1871 Situation
1415 1841 1444 1879 1,
1479 1840 1533 1880 39,
1568 1837 1620 1873 5f.

946 1905 989 1910 ——
1011 1894 1039 1919 et
1071 1898 1109 1919 ne
1134 1905 1176 1908 —
1206 1888 1342 1927 quidem,
1380 1886 1434 1924 23,
1470 1887 1524 1924 30,
1560 1887 1620 1919 10:

945 1933 1011 1965 und
1034 1942 1134 1973 sogar
1159 1931 1247 1963 diesc
1274 1931 1380 1973 nicht3
1408 1931 1465 1962 der
1490 1929 1621 1972 Gegen-

945 1983 1017 2010 satz
1041 1978 1087 2009 ist
1116 1979 1199 2009 ohne
1225 1980 1280 2009 sed
1297 1977 1380 2009 klar.
1402 1995 1444 1999 —
1461 1983 1496 2008 ut
1512 1987 1623 2009 amans

951 2039 982 2051 =
1021 2035 1085 2055 non
1118 2026 1171 2063 ita,
1209 2030 1244 2056 ut
1277 2034 1389 2055 amans
1420 2024 1504 2062 solet,
1538 2021 1560 2056 i.
1594 2031 1620 2053 c.

943 2072 1128 2111 yratuz'tam,
1157 2068 1224 2110 vgl.
1265 2070 1296 2108 2,
1331 2070 1382 2108 32,
1407 2069 1444 2101 9:
1476 2079 1550 2107 non,
1585 2074 1623 2100 uc

944 2127 1031 2147 nunc
1055 2120 1136 2156 etc.;
1161 2115 1213 2155 32,
1242 2115 1296 2153 21,
1323 2116 1384 2148 35:
1410 2125 1484 2152 non,
1510 2124 1622 2154 quem-

944 2164 1133 2201 admodum,
1161 2160 1230 2201 vgl.
1255 2161 1293 2199 2,
1313 2161 1352 2201 2,
1372 2161 1408 2193 3:
1441 2166 1620 2201 tamquarm

943 2217 977 2239 es
1005 2207 1089 2238 wird
1123 2213 1159 2239 ut
1194 2217 1312 2238 avarus
1347 2206 1549 2239 vermuthet.
1579 2223 1618 2227 -

937 2256 1078 2293 pondere
1101 2265 1130 2284 a.
1153 2263 1200 2292 μ,
1227 2253 1280 2292 36,
1317 2252 1371 2292 32,
1404 2253 1432 2285 1.
1460 2269 1501 2273 —
1529 2261 1620 2293 quem

941 2310 980 2337 v„
1005 2297 1099 2330 einen
1124 2297 1321 2338 beliebigen,
1355 2298 1512 2338 quemvis,
1541 2296 1622 2328 aber

942 2355 1003 2375 nur
1028 2344 1134 2384 einen,
1160 2355 1270 2376 unum.
1299 2361 1344 2366 —
1371 2354 1410 2375 ne
1427 2345 1515 2384 plus,
1539 2352 1566 2376 s.
1592 2351 1619 2373 c.

950 2391 1001 2429 11,
1029 2391 1066 2429 ὃς
1093 2389 1160 2421 Cic.
1186 2389 1283 2422 Verr.
1320 2390 1350 2427 2,
1377 2390 1408 2429 2,
1447 2389 1501 2427 67,
1538 2388 1621 2427 1613

947 2435 998 2467 die
1021 2434 1262 2476 Nachstellung
1288 2433 1353 2466 wie
1388 2433 1475 2467 Gell.
1504 2433 1559 2473 20,
1591 2434 1619 2472 1,

946 2483 1008 2514 45:
1043 2483 1221 2522 quindecim
1254 2482 1364 2520 pondo
1400 2491 1439 2512 ne
1479 2481 1621 2517 minore,-

947 2526 1071 2559 Colum.
1115 2529 1145 2565 5,
1196 2529 1250 2560 11:
1292 2532 1328 2558 ut
1366 2526 1550 2564 semipedem
1583 2534 1623 2556 ne

945 2576 1091 2613 amplius,
1114 2572 1180 2613 vgl.
1203 2573 1256 2612 39,
1279 2573 1330 2611 18,
1357 2572 1394 2604 9:
1420 2577 1542 2604 centum
1558 2580 1623 2601 non
