1747 2841
198 126 254 168 40
619 126 745 159 LIBER
772 126 919 171 XXXV.
953 125 1045 160 CAP.
1071 128 1125 162 25.
1150 128 1204 161 26.

1470 134 1497 153 a..
1519 134 1547 153 u.
1565 126 1627 154 562.

141 231 181 263 10
202 236 270 268 set.
297 229 427 280 itaque
449 230 595 280 ingenti
619 242 812 269 consensu
836 230 982 268 bellum
1008 229 1208 268 decretum
1231 235 1299 277 est,
1320 236 1475 281 tempus
1502 236 1538 270 et
1559 243 1624 270 ra-

142 293 176 324 11
203 286 252 324 tio
284 285 578 325 administrandi
606 287 689 325 eius
719 287 837 325 libera
868 286 1036 336 praetori
1072 287 1273 336 permissa.

1330 287 1626 337 Philopoemen,

202 347 478 393 praeterquam
499 343 605 393 quod
627 343 677 382 ita
697 343 879 390 Quinctio
904 343 1082 393 placeret,
1104 348 1140 381 et
1160 343 1243 393 ipse
1264 343 1504 382 existimabat
1526 344 1625 383 clas·
1676 360 1681 364 ·

204 410 285 437 sem
302 399 520 438 Romanam
543 400 832 450 expectandam.
856 411 954 450 quae
978 412 999 436 a
1020 398 1116 436 mari
1133 399 1328 449 Gytheum
1348 400 1448 438 tueri
1472 406 1625 450 posset3

145 458 184 490 12
204 455 271 493 sed
297 461 486 501 metuens,
517 468 566 494 ne
589 456 810 495 dilationem
832 468 893 494 res
915 467 996 493 non
1023 460 1232 505 pateretur,
1263 462 1300 494 et
1325 468 1406 494 non
1431 456 1627 507 Gytheum

204 511 332 549 solum
354 512 420 550 sed
443 512 680 562 praesidium
701 525 859 563 quoque
881 512 1043 550 missum
1068 511 1115 550 ad
1136 511 1322 550 tuendam
1353 512 1491 551 urbem
1512 513 1627 552 amit-

126 570 185 610 26
204 573 362 614 teretur,
394 581 510 607 naves
541 568 786 607 Achaeorum
817 569 985 607 deduxit.

1044 568 1342 618 Comparaverat
1375 574 1413 607 et
1436 566 1641 620 tyrannus

204 624 398 663 modicam
424 625 584 663 classem
613 626 659 664 ad
683 626 937 676 prohibenda,
961 625 993 663 si
1023 636 1099 674 qua
1126 624 1294 663 obsessis
1322 625 1420 664 mari
1444 626 1627 665 summit-

203 686 388 727 terentur,
412 681 612 731 praesidia,
632 688 709 720 tres
734 688 849 721 tectas
872 694 988 720 naves
1010 687 1047 719 et
1066 681 1215 719 lembos
1243 681 1463 732 pristisque,
1495 683 1629 722 tradita

164 745 184 776 2
204 742 331 775 vetere
358 738 477 776 classe
503 750 549 776 ex
576 739 734 777 foedere
756 739 954 777 Romanis.
985 738 1126 776 harum
1154 750 1344 776 novarum
1366 744 1450 777 tum
1470 739 1629 778 navium

203 793 407 843 agilitatem
426 800 467 832 ut
489 795 742 844 experiretur,
764 796 880 833 simul
904 800 945 833 ut
965 794 1096 832 omnia
1128 794 1218 832 satis
1249 801 1334 844 apta
1364 794 1411 833 ad
1433 801 1628 834 certamen

203 855 343 896 essent,
375 857 580 900 provectos
610 852 649 889 in
681 852 799 890 altum
826 852 963 890 cotidie
986 851 1173 901 remigem
1197 851 1435 902 militemque
1466 851 1628 891 simula-

205 906 280 944 cris
300 907 443 945 navalis
465 920 618 958 pugnae
640 908 853 954 exercebat,
876 908 917 946 in
944 920 988 946 eo
1013 913 1118 946 ratus
1142 908 1238 945 verti
1264 919 1375 957 spem
1400 907 1628 955 obsidionis,

165 966 184 997 3
204 961 236 1000 si
263 963 452 1012 praesidia
482 965 671 1002 maritima
712 964 1000 1003 interclusisset.

1056 969 1212 1014 praetor
1248 964 1493 1002 Achaeorum
1531 965 1631 1004 sicut

203 1020 446 1057 terrestrium
472 1021 727 1059 certaminum
750 1027 829 1060 arte
851 1020 1027 1072 quemvis
1052 1021 1247 1058 clarorum
1262 1020 1545 1070 imperatorum
1567 1021 1627 1060 vel

163 1077 184 1108 4
205 1087 280 1113 usu
301 1076 362 1113 vel
382 1076 538 1127 ingenio
563 1077 760 1128 aequabat,
781 1078 829 1116 ita
851 1077 960 1116 rudis
980 1077 1021 1115 in
1042 1089 1083 1114 re
1099 1077 1222 1115 navali
1238 1083 1329 1123 erat,
1350 1077 1481 1124 Arcas,
1503 1077 1628 1116 medi—

202 1136 405 1170 terraneus
427 1133 559 1179 homo,
583 1139 835 1172 externorum
858 1134 970 1173 etiam
1001 1133 1192 1179 omnium,
1221 1133 1295 1171 nisi
1318 1134 1424 1183 quod
1453 1133 1495 1172 in
1519 1134 1631 1173 Creta

165 1195 184 1226 5
203 1190 421 1237 praefectus
451 1189 684 1228 auxiliorum
718 1191 954 1237 militaverat,
980 1190 1151 1240 ignarus.
1181 1190 1288 1227 navis
1313 1196 1392 1228 erat
1421 1190 1626 1241 quadrire-

203 1244 276 1282 mis
300 1251 422 1291 vetus,
444 1251 551 1295 capta
573 1247 684 1284 annis
708 1253 795 1285 ame
812 1247 960 1293 LXXX,
984 1259 1074 1284 cum
1098 1246 1242 1285 Crateri
1264 1258 1429 1284 uxorem
1450 1247 1628 1286 Nicaeam

253 1323 396 1355 10—12.
422 1334 592 1364 consensu,
620 1325 673 1358 32.
705 1326 757 1357 23.
776 1343 820 1346 -
839 1327 880 1356 li-

201 1367 284 1405 bera,
307 1367 386 1398 aber
405 1377 442 1399 er
459 1369 552 1400 hatte
569 1370 715 1401 nachher
728 1369 880 1401 Rechen-

201 1410 312 1443 schaft
337 1412 530 1454 abzulegeu.
567 1433 603 1437 —-
644 1422 671 1447 et
698 1418 763 1454 ipse
796 1416 880 1447 nach

194 1464 422 1498 praeterquam
439 1459 503 1491 soll
521 1459 573 1492 die
585 1460 742 1501 Subjecte
762 1461 879 1492 schar-

202 1501 253 1534 fer
272 1503 429 1535 einander
445 1506 770 1546 gegeniiberstelleu:
788 1506 881 1538 nicht

201 1548 303 1580 allein
332 1548 443 1590 Quint.
482 1567 526 1572 —
561 1551 701 1583 sondern
735 1552 820 1583 auch
845 1562 881 1583 er

201 1593 323 1633 selbst3
350 1595 560 1635 gewtihnlich
580 1595 665 1637 folgt
682 1600 784 1631 etiam,
806 1608 880 1638 quo-

201 1650 271 1680 que,
299 1650 323 1671 s.
351 1641 478 1681 21,10,
504 1643 537 1682 13
560 1644 613 1682 22,
633 1644 687 1682 53,
707 1644 748 1684 6;
767 1644 820 1679 29,
850 1645 877 1683 1,

201 1686 265 1727 21;
285 1686 338 1725 30,
361 1687 415 1724 26,
436 1688 465 1719 6.
483 1704 525 1709 —-
540 1691 690 1727 placeret,
712 1688 770 1720 der
792 1688 879 1720 Con-

197 1729 303 1770 junct.
329 1730 523 1764 hezeichnet
550 1733 602 1764 die
619 1733 725 1765 Sache
745 1734 795 1765 alsv
816 1744 879 1765 von

200 1773 327 1818 Philop.
343 1777 526 1817 gedachten
549 1777 672 1813 Grund,
693 1778 753 1820 s}
775 1781 805 1819 3,
822 1779 881 1810 ob-

200 1820 310 1861 gleich
345 1822 403 1854 der
426 1822 515 1854 Rath
551 1823 706 1856 wirklich
732 1824 881 1865 gegeben

199 1876 281 1899 war.
306 1888 349 1892 —
373 1872 462 1900 class.
488 1880 568 1910 exp„
595 1880 620 1901 s.
647 1880 672 1901 e.
701 1871 753 1909 37,
782 1872 812 1903 3.
834 1889 877 1892 -

200 1923 240 1944 ne
264 1930 310 1935 ——
334 1924 410 1954 non,
439 1915 493 1954 32,
522 1917 551 1949 8.
594 1917 652 1957 10,
693 1918 724 1955 4,
761 1917 814 1955 31,
847 1918 879 1956 4,

200 1967 242 1988 zu
265 1960 297 1998 4,
328 1960 379 1999 18,
407 1961 446 2001 23
478 1961 509 2000 2,
537 1962 567 2000 3,
601 1963 630 1993 5.
675 1964 815 2002 deduxit,
850 1964 879 2002 S,

201 2004 255 2043 26,
281 2005 311 2036 2.

247 2091 316 2130 26.
354 2097 449 2128 1-2.
482 2102 575 2129 tectas
595 2112 642 2123 =
665 2095 881 2144 καταφράκ-

199 2150 294 2180 τους,
329 2151 354 2172 s.
389 2151 414 2172 c.
448 2143 503 2182 46,
538 2144 577 2182 33
615 2154 655 2174 zu
678 2144 732 2184 31,
758 2146 813 2183 22,
841 2146 880 2186 83

200 2184 244 2216 ib.
284 2187 334 2226 14,
363 2187 400 2226 3;
444 2188 497 2227 36,
521 2189 576 2228 42,
605 2190 633 2221 7.
676 2207 721 2211 —
750 2191 879 2230 pristis,

200 2229 310 2262 kleine
330 2232 615 2274 schnellsegelnde
630 2233 879 2275 Hriegsschiffe,

200 2274 325 2307 Nonius
351 2287 380 2318 p.
407 2279 490 2310 535:
508 2282 625 2317 pristis
647 2282 771 2322 ozavz'yz'z'
781 2291 881 2322 yenus

200 2332 220 2352 α
230 2322 346 2362 forma
363 2326 519 2361 prz'stz‘um
549 2328 760 2365 marinarum,
798 2336 881 2368 quae

201 2368 290 2407 lonqi
311 2372 451 2407 emporis
475 2376 559 2409 sunt,
587 2373 643 2402 sed
659 2375 805 2413 anquam
831 2371 879 2403 sie

200 2410 275 2442 sind
299 2414 384 2444 auch
401 2415 455 2453 44,
480 2416 534 2449 28.
568 2417 577 2447 1
612 2416 671 2447 mit
697 2417 758 2448 den
776 2419 878 2457 lembi,

200 2466 227 2487 s.
255 2457 309 2498 24,
343 2461 398 2497 40,
438 2461 469 2499 2,
502 2460 703 2501 verbunden,
729 2463 795 2494 und
824 2464 878 2502 32,

202 2502 264 2541 32,
309 2504 328 2536 9
360 2503 446 2535 wird
476 2508 625 2547 πρίστις
662 2506 732 2539 Pol.
764 2509 823 2548 18,
860 2510 875 2542 1

200 2546 261 2578 mit
300 2552 392 2581 navis
437 2556 574 2583 rostrata
615 2552 794 2585 iibersetzt.
835 2571 878 2576 —

949 1335 986 1355 ex
1000 1325 1108 1365 foed„
1135 1325 1188 1363 34,
1215 1324 1268 1363 35,
1296 1326 1324 1356 5.
1354 1341 1398 1346 —
1417 1335 1526 1356 novar.
1550 1331 1627 1364 tum,

949 1369 1001 1400 die
1027 1368 1152 1399 damals
1190 1369 1273 1399 noch
1310 1387 1356 1392 —
1380 1379 1512 1410 waren,
1549 1367 1570 1411 ξ
1599 1372 1628 1405 8.

948 1432 992 1436 —-
1012 1416 1173 1446 simulator.
1190 1426 1222 1446 η.
1237 1425 1284 1454 ρ..
1305 1415 1371 1455 vgl.
1391 1416 1446 1455 26,
1465 1416 1519 1454 51,
1537 1416 1567 1449 6.
1585 1434 1629 1438 --

948 1471 1033 1499 spem
1068 1461 1147 1500 obs„
1191 1459 1444 1501 (Ιώ-[1011111105
1475 1459 1536 1492 auf
1567 1461 1629 1493 den

949 1504 1066 1546 Erfolg
1091 1505 1149 1536 der
1172 1505 1390 1547 Belagerung,
1416 1506 1496 1538 oder
1516 1505 1569 1538 die
1592 1516 1629 1539 er

950 1550 1005 1582 bei
1030 1551 1087 1582 der
1112 1550 1222 1591 Belag.
1251 1552 1360 1592 hegte.

996 1597 1095 1630 3—4.
1144 1598 1270 1637 z‘wqem'o
1281 1621 1289 1635 ,
1315 1596 1341 1628 F
1344 1596 1627 1637 eldherrntalent3

950 1642 982 1680 9,
1011 1643 1061 1681 17,
1091 1644 1140 1675 10.
1178 1645 1352 1682 vel—vel,
1379 1653 1405 1673 0.
1434 1644 1485 1683 12,
1515 1645 1565 1676 11.
1584 1661 1628 1666 -—

948 1689 1040 1719 rudis
1073 1689 1107 1719 in
1140 1686 1310 1719 melu-sach
1342 1687 1395 1720 bei
1429 1687 1564 1730 Cicero,
1592 1687 1628 1720 L.

948 1732 1089 1764 braueht
1119 1737 1212 1764 soust
1244 1736 1337 1765 rudis
1360 1736 1412 1774 ad,
1437 1744 1463 1765 s.
1493 1736 1545 1774 10,
1572 1735 1628 1775 22,

949 1780 980 1817 6,
1008 1788 1078 1810 was
1104 1777 1178 1809 hier
1202 1778 1294 1810 nicht
1319 1779 1458 1821 passend
1475 1789 1630 1820 geweseu

949 1824 1051 1855 w'are.
1096 1841 1141 1846 ——
1182 1822 1308 1864 Arcas,
1346 1825 1414 1866 vgl.
1439 1823 1536 1857 Paus.
1560 1824 1583 1856 1.
1607 1824 1628 1856 l.

951 1867 972 1910 ἓ
1012 1871 1050 1902 5:
1094 1867 1156 1902 ἅτε
1193 1869 1234 1903 δὲ
1268 1870 1303 1908 ἐς
1335 1867 1437 1903 ἅπαν
1471 1868 1631 1918 ἀπείρως

950 1912 1140 1955 θαλάσσης
1173 1915 1269 1957 ἔχων
1302 1913 1470 1962 τριήρους
1495 1916 1630 1950 ἔλαθεν

950 1958 1082 2002 ἐπιβὰς
1099 1956 1258 2003 ῥεούσης,
1286 1959 1378 1995 ὥστε
1404 1963 1467 1994 καὶ
1494 1961 1629 2004 ἐσῆλθε

947 2002 1149 2051 ιΡωμαίους
1194 2007 1255 2039 καὶ
1307 2005 1348 2040 τὸ
1397 2004 1487 2040 ἄλλο
1534 2017 1630 2054 συμ-

948 2049 1112 2096 μαχικὸν
1156 2047 1283 2097 μνῆμη
1331 2053 1407 2085 τῶν
1449 2052 1548 2086 ἐπῶν
1577 2063 1629 2086 ων

950 2097 990 2130 ἐν
1032 2094 1225 2140 καταλόγῳ
1271 2097 1321 2136 (ΙΙ.
1364 2099 1396 2138 2,
1442 2100 1522 2137 614)
1564 2109 1627 2132 πε-

949 2145 1103 2185 ποίηκεν
1133 2140 1291 2189 Ὅμηρος
1329 2143 1392 2176 ἐπὶ
1427 2145 1472 2189 τῇ
1501 2141 1628 2186 Ἀρκά-

951 2187 1028 2222 δων
1071 2187 1220 2234 ἀμαθίᾳ
1261 2189 1307 2235 τῇ
1346 2187 1381 2227 ἐς
1415 2188 1630 2230 admocum

950 2232 1036 2265 Plut.
1061 2234 1082 2266 1.
1108 2234 1130 2266 1.
1148 2252 1191 2257 -
1211 2241 1328 2266 extem.
1350 2246 1444 2276 omn„
1470 2245 1496 2267 s.
1523 2245 1549 2267 e.
1574 2237 1626 2276 15,

951 2280 988 2319 83
1019 2281 1050 2318 9,
1071 2281 1125 2319 38,
1153 2282 1191 2313 5:
1208 2282 1410 2312 ulteriorum.
1431 2299 1475 2303 --
1491 2283 1562 2313 nisi
1581 2292 1624 2322 q.,

950 2326 1004 2365 38,
1031 2326 1086 2365 28,
1113 2327 1143 2358 9.
1160 2343 1206 2347 —
1226 2329 1328 2365 Creta,
1354 2326 1466 2358 wohin
1483 2336 1530 2367 er,
1556 2326 1627 2358 sich

949 2370 1202 2411 zuriickgesetzt
1215 2370 1362 2411 fiihlend,
1390 2371 1519 2414 Olymp.
1551 2373 1626 2412 143,

950 2417 969 2449 3
998 2425 1171 2457 gegangen
1195 2426 1278 2457 war,
1307 2427 1332 2448 s.
1361 2415 1457 2449 Paus.
1481 2428 1513 2449 u.
1538 2415 1626 2449 Plut.

995 2464 1094 2495 5—7.
1119 2465 1211 2494 navis
1235 2473 1290 2502 eon,
1315 2473 1339 2494 s.
1367 2463 1421 2502 32,
1450 2464 1504 2502 22,
1525 2465 1562 2502 53
1593 2464 1624 2502 7,

948 2508 1004 2547 26,
1034 2508 1065 2540 2.
1088 2525 1133 2529 -
1150 2511 1246 2540 annis
1267 2520 1295 2541 α.
1314 2519 1368 2548 oo„
1393 2517 1417 2539 S.
1436 2518 1477 2539 zu
1493 2508 1549 2548 33,
1569 2509 1624 2547 44,

949 2554 988 2592 23
1022 2554 1076 2593 37,
1103 2554 1158 2594 38,
1187 2556 1224 2594 53
1258 2552 1351 2585 Caes.
1385 2553 1419 2586 B.
1448 2552 1482 2585 C.
1508 2554 1540 2594 2,
1569 2555 1625 2594 44,
