1747 2841
192 141 273 184 182

587 142 712 175 LIBER
738 142 917 176 XXXVII.
952 142 1045 176 CAP.
1075 146 1126 179 14.
1153 147 1205 179 15.

1456 151 1483 170 a.
1505 151 1533 170 u.
1553 143 1616 171 564.

188 245 304 284 nibus
336 245 482 285 crebris
513 245 560 285 ab
595 246 846 297 Hellesponto
878 253 994 298 atque
1024 247 1163 299 Abydo
1195 250 1379 287 facerent.
1428 249 1618 290 traicienti

189 302 351 341 Aemilio
367 315 387 341 3
401 302 495 342 Chio
508 303 668 342 Samum
692 303 791 342 duae
802 303 975 343 Rhodiae
996 304 1277 355 quadriremes,
1301 305 1440 344 missae
1462 305 1617 346 obviam

188 359 235 397 ab
257 359 380 406 Livio,
401 365 438 398 et
460 371 527 398 rex
549 359 746 399 Eumenes
768 372 858 399 cum
887 360 1038 399 duabus
1059 361 1410 412 quinqueremibus
1433 363 1616 402 occurrit.

150 423 170 455 5
188 416 349 455 Samum
381 421 589 467 postquam
619 422 782 456 ventum
809 422 876 464 est,
907 423 1062 468 accepta
1092 418 1138 456 ab
1159 418 1267 457 Livio
1294 419 1414 457 classe
1437 419 1614 458 6133611-

187 473 286 520 ficio,
318 478 361 511 111
389 473 548 520 adsolet,
575 472 646 512 rite
676 476 774 513 facto
797 474 983 513 Aemilius
1013 475 1221 513 consilium
1250 475 1460 514 advocavit.
1500 475 1554 514 ibi
1574 476 1615 516 C.

187 529 318 568 Livius
349 552 403 556 —
433 529 465 568 is
497 530 602 568 enim
633 536 690 569 est
720 531 871 581 primus
902 536 1060 582 rogatus
1087 533 1318 570 sententiam
1340 533 1616 572 -neminem

186 586 337 625 fidelius
357 598 474 637 posse
494 586 585 625 dare
608 587 814 626 consilium
836 587 931 626 dixit
950 599 1067 638 quam
1090 599 1192 635 eum,
1225 589 1292 639 qui
1323 589 1361 627 id
1393 589 1500 628 alteri
1521 601 1614 628 sua·
1643 593 1647 597 '

147 648 167 678 6
187 643 305 690 deret,
336 643 443 694 quod
473 644 569 694 ipse,
600 644 693 682 siin
727 645 864 683 eodem
897 645 983 683 loco
1007 650 1117 691 esset,
1147 647 1320 684 facturus
1341 646 1476 684 suerit:
1508 658 1548 685 se
1572 646 1613 684 in

186 699 316 738 animo
349 699 530 739 habuisse
555 706 633 740 tota
665 701 783 740 classe
804 701 1004 752 Ephesum
1034 707 1164 752 petere
1192 707 1229 740 et
1254 703 1449 741 onerarias
1470 702 1613 742 ducere

187 757 306 796 multa
328 756 490 796 saburra
511 764 696 809 gravatas,
719 764 833 809 atque
856 770 919 797 633
938 758 978 796 111
1001 758 1179 797 faucibus
1193 764 1330 809 portus
1343 759 1613 809 supprimere3

147 822 166 853 7
186 819 223 852 et
253 826 298 852 eo
331 814 495 853 minoris
522 815 738 853 molimenti
759 828 801 853 ea
823 815 987 854 claustra
1007 827 1104 861 esse,
1136 815 1240 866 quod
1265 815 1305 853 in
1326 815 1499 854 fluminis
1525 827 1614 854 mo-

186 870 281 909 dum
324 870 487 922 longum
516 877 551 910 et
578 878 788 922 angustum
820 878 856 911 et
881 872 1072 910 vadosum
1104 872 1249 911 ostium
1277 878 1414 923 portus
1445 873 1504 911 sit.
1561 873 1613 911 ita

186 927 463 978 adempturum
485 940 525 967 se
550 929 665 967 maris
690 941 808 967 11311111
830 928 1006 967 hostibus
1029 929 1149 968 fuisse
1170 929 1427 979 inutilemque
1452 929 1615 968 classem

110 981 164 1022 15
186 986 392 1023 facturum.
453 985 554 1024 Nulli
582 998 625 1024 ea
655 985 805 1036 placere
832 986 1033 1024 sententia.

1089 986 1286 1024 Eumenes
1314 997 1384 1024 rex
1415 985 1613 1036 quaesivit,

185 1041 279 1092 quid
306 1039 493 1080 tandem?
534 1041 600 1081 ubi
627 1042 815 1081 demersis
844 1043 1008 1081 navibus
1040 1044 1259 1081 frenassent
1287 1042 1453 1081 claustra
1483 1042 1612 1089 maris,

185 1104 318 1137 utrum
341 1098 461 1137 libera
482 1111 550 1137 sua
572 1099 692 1137 classe
712 1098 930 1138 abscessuri
950 1099 1041 1138 inde
1066 1101 1196 1138 forent
1217 1099 1263 1138 ad
1280 1111 1397 1150 opem
1410 1099 1614 1138 ferendam

184 1155 298 1194 sociis
330 1161 600 1206 terroremque
628 1156 806 1195 hostibus
837 1156 1118 1207 praebendum,
1149 1168 1198 1194 an
1230 1156 1350 1194 nihilo
1384 1155 1514 1195 minus
1535 1161 1614 1195 tota

144 1217 164 1249 2
185 1211 304 1251 classe
327 1218 486 1263 portum
513 1210 742 1251 obsessuri?
772 1213 853 1251 sive
874 1213 979 1252 enim
1002 1212 1222 1258 abscedant,
1246 1213 1309 1250 cui
1330 1212 1496 1251 dubium
1516 1225 1613 1260 esse,

183 1269 279 1320 quin
301 1269 434 1308 hostes
458 1270 666 1308 extracturi
689 1269 886 1309 demersas
910 1270 1033 1309 moles
1056 1270 1134 1308 sint
1155 1276 1191 1308 61
1210 1270 1362 1308 minore
1386 1269 1612 1308 molimento

180 1393 301 1434 haupt:
350 1391 405 1424 fiir
448 1392 501 1424 die
544 1391 861 1434 Transportschiffe,

181 1438 308 1470 welche
345 1437 514 1470 natiirlich
551 1438 666 1470 111111161
705 1438 762 1470 31)-
795 1439 862 1470 111111

181 1484 381 1525 zusegelten-
407 1502 451 1506 —
477 1486 514 1516 ab
548 1486 707 1526 Hellesp,
744 1495 770 1516 3.
807 1485 861 1523 31,

181 1531 242 1569 22,
278 1532 317 1572 7,
360 1529 412 1562 die
447 1529 648 1572 Hauptssotte
681 1531 773 1562 steht
809 1529 863 1562 bei

180 1554 338 1618 Ephesus.

228 1624 246 1654 5
264 1624 327 1654 -7,
353 1622 469 1663 saorzf
506 1622 551 1653 ist
585 1622 643 1653 das
671 1620 772 1664 Opfer
810 1621 863 1653 bei

181 1667 239 1699 der
263 1670 410 1700 lustratio
437 1669 489 1707 36,
521 1669 575 1709 42,
605 1669 635 1701 2
653 1687 696 1691 -
723 1675 760 1700 nt
783 1671 861 1707 ads„

183 1716 212 1753 1,
239 1715 294 1755 28,
320 1715 351 1746 2.
373 1732 416 1737 —-
435 1716 469 1745 in
494 1716 558 1745 eod.
585 1716 618 1753 L,
647 1724 672 1745 3.
692 1715 746 1753 35,
773 1714 804 1753 ’4,
830 1715 862 1753 6,

181 1758 249 1800 vgl.
269 1760 299 1798 8,
331 1761 384 1799 35,
413 1761 450 1792 6:
476 1762 506 1791 si
521 1762 623 1791 eodem
640 1762 706 1791 loeo
716 1761 863 1801 fuissem

180 1806 219 1843 2,
252 1807 314 1845 47,
344 1807 373 1838 5.
400 1823 443 1827 -
469 1812 544 1837 esset
572 1824 615 1828 —
640 1806 764 1847 fuerit,
793 1805 862 1846 vgl.

180 1852 234 1891 25,
265 1852 317 1891 13,
348 1852 408 1891 123
432 1854 464 1889 4,
491 1853 545 1891 38,
573 1854 612 1893 53
641 1861 681 1882 an
707 1862 738 1882 u.
757 1850 862 1882 stelle

180 1895 226 1928 ist
249 1897 284 1937 s.
303 1897 412 1937 suerit
437 1896 485 1938 (in
511 1901 596 1928 orat.
622 1901 715 1928 reeta
731 1898 764 1938 s.
784 1897 861 1938 fui)

180 1941 232 1973 die
259 1942 486 1983 Bezeichnung
523 1942 615 1975 einer
650 1942 682 1973 in
707 1943 766 1974 der
791 1941 859 1974 Ge-

180 1992 333 2029 genwart
374 1987 547 2029 kiinftigen
579 1988 773 2029 Handlung,
819 1999 860 2020 zu

180 2034 240 2065 der
274 2045 336 2065 nur
369 2032 423 2065 fiir
453 2033 544 2066 nicht
568 2034 742 2066 wirkliche
772 2033 858 2066 Ver—

179 2080 344 2112 1131131336
372 2078 485 2112 friiher
512 2080 571 2112 der
590 2079 786 2112 Entschluss
805 2089 862 2120 ge-

180 2124 264 2157 fasst
290 2136 381 2165 war,
411 2137 437 2157 s.
464 2127 516 2166 38,
546 2129 600 2166 47,
627 2128 664 2159 4;
695 2137 772 2167 quos
795 2137 859 2167 eqo,

179 2174 211 2204 si
233 2173 360 2204 tribuni
387 2190 432 2194 —
450 2174 676 2212 prohiberent,
704 2175 861 2205 citaturus

171 2218 256 2258 sm]
276 2217 318 2248 ib.
338 2219 392 2257 31,
415 2219 453 2258 33
479 2219 533 2257 26,
545 2220 599 2259 26,
614 2220 862 2257 7.—olaustra,

181 2262 233 2294 die
269 2263 599 2306 Verschliessungs—,
638 2262 860 2306 Sperrmittel,

181 2308 254 2341 hier
277 2319 330 2340 11111
356 2309 414 2341 den
433 2308 592 2350 Ausgang
616 2320 674 2342 3113
702 2310 776 2341 dem
793 2308 861 2340 Ha-

182 2354 247 2394 fen,
271 2359 364 2386 sonst
389 2356 471 2386 auch
497 2366 549 2387 11111
568 2356 629 2387 den
648 2355 801 2396 Eingang
821 2365 861 2386 zu

180 2399 330 2441 hiudern,
349 2400 440 2432 Curt.
458 2403 489 2437 4,
510 2403 564 2441 24,
586 2403 644 2435 19:
665 2404 709 2433 ad
725 2403 863 2434 claustra

175 2453 290 2485 portus
314 2449 449 2487 incessit,
476 2457 516 2478 an
542 2458 573 2478 u.
599 2446 648 2479 St.
674 2447 718 2479 ist
744 2456 859 2487 wegen

181 2494 315 2524 minoris
339 2495 476 2532 mahom,
503 2503 527 2524 3.
554 2503 583 2524 c.
614 2495 672 2533 15,
701 2494 738 2533 23
766 2491 860 2523 Caes.

181 2536 215 2568 Β.
240 2536 280 2569 G.
311 2540 338 2578 1,
369 2540 421 2579 34,
450 2540 488 2571 3:
513 2539 627 2570 wiirde
654 2549 707 2570 um
732 2548 768 2570 30
790 2547 861 2569 we-

182 2582 277 2624 niger
302 2583 399 2616 Miihe
432 2585 587 2624 macheu,
628 2595 670 2616 311
698 2584 750 2616 die
777 2583 860 2615 Her-

932 1392 1080 1434 stellung
1116 1392 1171 1424 des
1198 1391 1432 1424 Verschlusses
1467 1402 1508 1424 zu
1533 1393 1615 1425 deu-

932 1439 1007 1471 ken.
1026 1456 1069 1461 —
1096 1441 1132 1470 in
1150 1440 1247 1491 flum.
1271 1450 1324 1478 m„
1351 1438 1474 1470 Strabo
1503 1440 1614 1478 14,1,

934 1486 977 1518 24
1002 1496 1031 1527 p.
1059 1481 1145 1518 641.
1171 1480 1238 1517 τὸ1
1266 1486 1413 1537 λιμενα
1421 1479 1613 1528 τεναγώδη

935 1526 1025 1563 ὄπτα
1058 1526 1246 1577 πρότερον
1278 1527 1341 1563 διὰ
1375 1528 1440 1567 τὰς
1476 1530 1515 1563 ἐκ
1547 1533 1614 1563 τοῦ

932 1574 1136 1622 Καὶστρου
1161 1572 1371 1631 ffqoxassffeec
1397 1594 1440 1597 ——
1469 1575 1509 1609 ἒ]
1512 1588 1573 1614 τος
1593 1573 1614 1618 ἡ

928 1626 1023 1667 χοῦς
1059 1624 1257 1674 εἰργομένη
1290 1633 1404 1666 τενναῃ
1406 1623 1494 1661 ίζειν
1517 1622 1615 1673 μᾶλ-

933 1670 1000 1701 λόι
1025 1668 1177 1710 ἐποίησε
1196 1664 1263 1701 τὸν
1283 1669 1433 1713 λψεναε
1454 1666 1544 1708 jetzt
1569 1671 1615 1699 ist

934 1715 993 1746 der
1018 1723 1121 1754 ganze
1147 1700 1337 1745 Uferstrich
1365 1713 1555 1745 versandet

983 1757 1614 1802 15.1—5.quz'dtandem,dieFrage

933 1806 992 1838 der
1035 1805 1332 1846 Verwundeiung,
1382 1805 1511 1837 welche
1561 1803 1614 1836 die

933 1851 1181 1892 widerlegung
1224 1850 1397 1891 einleitet‚
1445 1850 1490 1882 ist
1530 1851 1614 1882 ohne

934 1896 1117 1929 Riicksicht
1141 1895 1203 1928 auf
1227 1897 1279 1928 die
1304 1895 1458 1937 folgende
1485 1895 1614 1928 abhan-

931 1943 1006 1984 gige
1025 1941 1134 1984 Frage
1153 1942 1404 1983 eingeschoben,
1432 1941 1501 1983 vgl.
1523 1943 1554 1982 3,
1581 1943 1613 1982 9,

930 1990 968 2022 9:
993 1991 1073 2029 quid
1094 1990 1244 2021 tandem?
1268 1990 1320 2019 illa·
1336 1999 1401 2020 non
1418 1990 1509 2020 licere
1525 1991 1613 2030 etc.;

930 2034 1121 2075 vgl.ib.68,
1140 2035 1177 2076 33
1206 2037 1236 2073 5,
1264 2035 1319 2074 54,
1352 2036 1386 2074 13
1413 2032 1434 2075 ξ
1460 2035 1479 2066 2
1503 2037 1614 2065 treten

932 2079 1142 2111 rhetorische
1160 2078 1292 2121 Fragen
1317 2079 1380 2111 ein.
1399 2096 1446 2102 ——-
1454 2080 1613 2121 fremas„

932 2126 1002 2157 dem
1027 2124 1218 2166 (Schliissel)
1244 2135 1350 2166 engen
1374 2124 1513 2166 Zugang
1537 2135 1611 2156 zum

931 2170 1036 2203 Hafeu
1070 2170 1227 2213 (claustra
1255 2171 1328 2202 hier
1364 2171 1483 2203 31111613
1509 2170 1559 2202 313
1586 2180 1614 2202 6.

934 2219 992 2257 14,
1021 2219 1062 2259 7,
1092 2217 1160 2258 vgl.
1187 2218 1226 2257 6,
1254 2218 1294 2257 9,
1320 2218 1359 2256 4ς
1393 2218 1547 2257 45,11‚
1574 2218 1613 2251 4:

930 2266 1072 2295 claustra
1104 2260 1264 2305 Aeqyptz')
1305 2261 1487 2303 gleichsam
1516 2261 1614 2294 einen

930 2308 1033 2340 Zaum
1056 2309 1218 2351 anlegen⁷
1245 2307 1498 2348 verschliessen,
1527 2306 1612 2339 Plin.

930 2353 970 2386 N.
997 2354 1035 2386 H.
1061 2355 1100 2395 3,
1142 2356 1179 2395 1,
1217 2357 1255 2388 4:
1294 2355 1450 2395 saucibus
1474 2354 1617 2394 impositi

929 2407 1048 2432 montes
1084 2407 1223 2432 coercent
1257 2402 1418 2441 claustra,
1464 2398 1531 2441 vgl.
1571 2409 1612 2429 zu

933 2445 1036 2487 Verg.
1063 2445 1144 2478 Aen.
1170 2448 1206 2479 1.
1237 2447 1300 2488 533
1325 2445 1474 2486 weuiger
1498 2444 1611 2476 wahr-

930 2491 1114 2523 scheiulich
1139 2491 1194 2531 ist,
1220 2491 1294 2523 dass
1310 2493 1452 2533 frenare
1475 2492 1613 2523 claustra

930 2537 1088 2569 bedente:
1113 2537 1216 2569 durch
1235 2536 1386 2578 Anlegeu
1411 2536 1500 2568 eines
1521 2535 1612 2568 Zau-

930 2593 996 2614 mes
1023 2583 1117 2615 einen
1145 2582 1344 2615 Verschluss
1379 2581 1510 2621 bildeu,
1544 2581 1611 2613 wie
