1747 2841
85 151 111 169 a..
129 142 180 170 Ch.
195 142 250 169 189.

478 142 601 175 LIBER
625 141 819 175 xxxvm.

853 140 946 174 CAP.
975 143 1027 175 28.
1058 143 1111 175 29.
1423 139 1506 181 319

27 251 29 253 ’
90 259 167 298 que
187 269 242 275 —-
262 245 445 285 desistere
475 245 522 284 ab
548 245 703 296 incepto
726 245 944 284 voluerunt.
986 243 1202 295 oppugnari
1224 242 1374 288 deinde,
1395 248 1504 293 post·
1528 250 1571 282 10

91 315 208 355 quam
239 302 331 341 nihil
361 301 483 353 pacati
511 301 831 352 respondebatur,
867 307 999 352 coepta
1031 299 1124 338 urbs
1156 306 1222 338 est.

1279 304 1505 349 apparatum

92 371 251 399 omnem
273 364 559 398 tormentorum
590 358 937 407 machinarumque
966 362 1176 395 travectum
1207 355 1253 394 ab
1283 355 1507 394 Ambraciae

94 415 384 468 oppugnatione
405 414 578 460 habebat,
598 421 635 453 et
655 427 771 465 opera
792 426 890 465 quae
913 413 1085 452 facienda
1108 419 1227 458 erant,
1258 411 1407 462 inpigre
1430 411 1504 449 mi·
1530 414 1566 445 11

91 473 176 512 lites
208 484 277 523 per
280 473 466 510 f.ecerunt

93 540 240 567 muros.

515 470 669 509 duobus
702 471 817 522 igitur
846 470 940 509 locis
961 469 1104 508 admoti
1127 469 1262 507 ¹*rietes
1285 467 1507 518 quatiebant

291 527 370 566 Nee
389 527 436 566 ab
461 527 628 566 Samaeis
649 528 868 578 quicquam,
891 538 1003 577 quo
993 532 1057 564 aut
1077 537 1182 576 oper
1174 538 1194 563 a
1217 531 1282 564 aut
1301 524 1422 563 hostis
1443 536 1505 562 ar·
1527 528 1586 568 29

93 585 170 624 ceri
190 590 332 635 posset,
354 584 673 635 praetermissum
695 590 762 622 est.
793 583 944 622 duabus
960 589 1085 621 tamen
1099 582 1265 620 maxime
1279 580 1507 620 resistebant

92 640 222 687 rebus,
250 652 339 685 una,
374 640 599 679 interiorem
620 652 774 691 semper
793 640 897 679 iuxta
920 639 1088 678 validum
1113 650 1183 689 pro
1207 638 1333 676 diruto
1358 649 1506 675 novum
1527 653 1545 684 2

94 697 339 736 obstruentes
371 709 541 738 murum,
571 697 698 740 altera,
729 695 998 747 eruptionibus
1030 695 1166 733 subitis
1195 707 1300 733 nunc
1326 694 1364 732 in
1393 706 1509 744 opera

94 754 277 800 hostium,
308 765 414 792 nunc
433 754 473 792 in
493 753 696 798 stationes,
726 758 763 792 et
782 753 1014 804 plerumque
1034 751 1092 790 his
1114 751 1269 802 proeliis
1288 750 1509 801 superiores

95 817 214 849 erant.
257 822 332 848 una
355 810 401 848 ad
425 809 661 848 coercendos
681 810 835 848 inventa
856 809 957 848 haud
981 820 1117 859 magna
1140 813 1356 846 memoratu
1369 819 1430 844 res
1443 812 1510 845 est.
1528 815 1547 846 3

95 872 251 906 centum
276 866 493 905 funditores
515 865 560 904 ab
582 866 698 916 Aegio
721 873 757 904 et
774 865 898 904 Patris
919 871 955 904 et
976 865 1109 916 Dymis
1130 864 1249 902 acciti.
1289 876 1308 902 a
1330 862 1460 913 pueris
1486 863 1510 900 ii
1529 872 1549 903 4

95 935 205 962 more
238 923 407 974 quodam
440 923 562 973 gentis
595 922 694 960 saxis
726 922 906 973 globosis,
933 921 1074 971 quibus
1107 923 1228 959 ferme
1252 921 1415 958 harenae
1434 919 1510 957 im-

95 980 224 1018 mixtis
245 985 359 1018 strata
381 980 490 1017 litora
511 984 612 1025 sunt,
639 979 760 1017 funda
781 991 885 1017 mare
906 983 1082 1028 apertum
1103 978 1338 1016 incessentes
1350 987 1508 1014 exerce—

95 1036 247 1075 bantur.

293 1036 419 1086 itaque
449 1035 602 1086 longius
633 1035 796 1074 certiore
821 1041 858 1074 et
887 1034 1068 1073 validiore
1100 1034 1177 1072 ictu
1206 1046 1323 1085 quam
1354 1032 1509 1071 Baliaris
1529 1046 1547 1077 5

95 1092 269 1131 funditor
288 1104 332 1131 eo
357 1092 430 1130 telo
452 1092 511 1130 usi
532 1097 633 1130 sunt.
678 1098 714 1130 et
734 1098 791 1130 est
812 1104 892 1130 non
914 1091 1097 1141 simplicis
1118 1090 1300 1136 habenae,
1324 1095 1366 1128 ut
1385 1089 1508 1128 Balia-
1529 1101 1551 1133 6

95 1216 124 1236 n.
152 1216 210 1237 eos.
240 1221 283 1226 —
309 1206 446 1236 desister.
476 1205 535 1241 ab„
562 1202 770 1244 gewtihnlich

92 1251 152 1282 hat
187 1249 220 1281 L.
255 1249 317 1281 den
350 1249 480 1281 blossen
514 1249 669 1287 Ablativ,
704 1248 768 1289 vgl.

96 1297 150 1337 37,
176 1297 230 1336 58,
259 1297 285 1328 1.
312 1312 357 1318 —
383 1297 421 1326 ab
452 1296 548 1328 Amb.
584 1305 673 1334 opp:
705 1303 769 1324 von

93 1359 139 1364 -
161 1341 230 1380 her,
256 1351 322 1372 von
347 1340 455 1372 dieser
478 1350 564 1381 weg,
590 1340 669 1370 oder
689 1349 768 1370 nur:

96 1387 190 1425 nach,
217 1385 280 1418 wie
307 1388 360 1424 37,
376 1386 429 1424 32,
460 1387 516 1418 12:
541 1387 578 1417 ab
601 1386 658 1417 liae
681 1396 770 1422 voce;

96 1433 159 1473 23,
172 1433 224 1471 6-,
258 1433 353 1464 1:111>
392 1433 450 1463 hae
494 1433 654 1470 oratione,
703 1430 770 1471 vgl.

96 1478 151 1517 22,
177 1478 231 1517 34,
322 1479 359 1509 ab
387 1494 430 1499 —
467 1479 595 1517 imperio
625 1487 770 1508 concusso

0 1536 3 1538 ¹
45 1553 50 1556 .
95 1534 126 1554 ιι.
151 1523 183 1556 ti.
206 1541 251 1546 —
275 1530 395 1555 tr.amv
421 1539 463 1545 ——
488 1524 559 1555 hab.
580 1521 772 1554 bezeichnet

97 1568 243 1600 deutlich
283 1568 344 1600 deu
387 1568 470 1599 nach
512 1568 570 1599 der
604 1567 771 1599 Heriiber-

96 1614 267 1654 schaffung
317 1614 564 1654 eingetretenen
612 1612 770 1652 Zustand,

99 1662 129 1700 7,
157 1660 210 1699 32,
237 1662 267 1692 9.

144 1702 213 1741 29.
253 1705 347 1738 1-2.
387 1705 511 1736 duabus
549 1721 594 1726 —
628 1715 693 1735 una
727 1721 772 1725 ——-

96 1753 163 1789 alt„
189 1751 243 1790 26,
270 1751 322 1790 11,
350 1752 387 1788 53
406 1751 460 1789 32,
479 1751 532 1791 38,
553 1751 583 1783 9.
603 1767 645 1774 —
666 1752 769 1788 inter„

97 1807 122 1829 S.
150 1797 210 1837 21,
243 1797 302 1836 11,
330 1796 388 1828 10:
427 1806 555 1827 murum
591 1798 771 1827 interiorem

96 1843 137 1874 ab
152 1844 295 1873 nondum
311 1847 401 1881 capta
412 1847 508 1881 parte
526 1843 614 1873 urbis
631 1843 773 1879 ἀπεαπ,-

99 1898 229 1927 semper,
251 1886 422 1927 jedesmal,
449 1886 562 1918 immer
587 1886 659 1918 eine
686 1897 715 1917 ιι.
745 1896 770 1917 s.

98 1943 159 1974 w.,
196 1932 262 1973 vgl.
287 1930 388 1974 praef.
414 1933 450 1964 2:
477 1935 554 1964 novi
576 1943 702 1972 semper.
729 1950 771 1953 —

99 1981 189 2011 iuxta
212 1980 284 2016 val.‚
311 1977 360 2009 als
381 1977 432 2009 die
449 1977 682 2019 eingestiirzte‚
709 1977 772 2009 wie

96 2035 158 2064 pro
182 2025 289 2055 diruto
313 2023 480 2063 andeutet,
507 2023 573 2065 vgl.
591 2025 644 2065 32,
665 2025 716 2062 14,
736 2024 771 2056 3:

97 2073 189 2102 iuxta
213 2070 382 2111 iynobilia,
410 2070 471 2110 24,
496 2071 527 2109 5,
556 2070 595 2102 13
620 2080 650 2100 ιι.
676 2078 704 2100 a.
728 2086 773 2091 —-

98 2126 225 2153 novum,
263 2113 322 2146 mit
353 2125 415 2153 pro
461 2116 569 2147 diruto
610 2125 650 2146 zu
694 2124 772 2145 ver-

99 2160 237 2201 binden,
270 2159 512 2203 pleonastisch,
545 2160 611 2201 vgl.
639 2161 692 2201 37,
718 2162 772 2200 54,

100 2208 162 2246 21;
189 2207 242 2246 22,
268 2207 331 2245 20,
361 2207 400 2239 10
425 2216 456 2237 u.
480 2215 509 2239 0.
537 2224 580 2228 —
605 2207 715 2245 obstr„
746 2215 772 2237 s.

100 2253 155 2292 33,
187 2253 236 2291 17,
265 2252 301 2284 9:
334 2252 491 2283 obstruere
519 2262 601 2292 quae
623 2257 773 2292 quassata

99 2299 205 2329 ruinis
230 2302 330 2328 erant.

147 2343 245 2375 3—5.
269 2353 335 2374 una
360 2352 419 2381 res,
442 2341 509 2382 vgl.
535 2342 589 2383 26,
613 2343 645 2381 4,
672 2343 701 2374 4.
727 2359 770 2363 --

100 2390 251 2421 arcendos
275 2398 304 2419 11.
331 2398 388 2427 eos,
419 2397 489 2419 was
514 2396 572 2418 aus
596 2389 772 2426 superiores

100 2444 141 2466 zu
165 2433 290 2465 denken
315 2433 380 2474 ist,
405 2443 430 2464 s.
456 2442 482 2465 c.
509 2434 562 2471 28,
591 2433 629 2473 93
654 2434 708 2473 26,
735 2435 771 2465 7:

93 2481 290 2519 petentibu85
331 2480 384 2518 36,
427 2480 481 2519 40,
529 2480 546 2510 7
585 2489 615 2509 u.
658 2487 687 2509 a.
728 2495 773 2500 —-

99 2536 215 2567 maqna
247 2531 437 2563 memoratu,
473 2534 497 2555 s.
527 2523 635 2565 Quint
669 2525 704 2565 1,
740 2525 771 2563 2,

102 2571 165 2613 28,
191 2569 281 2602 Cui-t.
310 2572 341 2610 9,
366 2571 397 2611 8,
427 2548 484 2602 15:
510 2572 622 2602 auditu
640 2572 771 2609 maiora,

839 1202 905 1243 vgl.
935 1202 970 1234 L.
1000 1204 1054 1242 22,
1082 1204 1111 1242 1,
1139 1203 1197 1236 13:
1224 1203 1396 1234 minoribus
1415 1203 1510 1241 dictu,

839 1248 887 1278 oft
913 1259 1053 1288 parvum
1085 1251 1180 1288 dictu,
1213 1253 1385 1279 memoratu
1412 1258 1441 1278 u.
1467 1247 1511 1282 a„

839 1296 870 1331 5,
891 1296 944 1327 47,
966 1296 1003 1333 S,
1019 1296 1073 1333 34,
1096 1296 1124 1332 1,
1149 1297 1183 1327 1:
1210 1296 1394 1331 maximum,
1415 1291 1509 1331 Plin„

839 1340 892 1379 36,
923 1341 972 1379 15,
1003 1341 1084 1376 124,
1110 1338 1148 1371 Ii.
1173 1341 1248 1372 261.
1273 1357 1316 1360 -
1341 1340 1442 1379 Aeqz'o
1466 1355 1511 1359 —

838 1386 948 1425 Dym„
974 1385 1007 1416 in
1031 1385 1169 1426 Achaia,
1195 1383 1216 1425 ξ
1242 1386 1271 1418 8.
1296 1402 1340 1406 —
1363 1385 1509 1425 quodam,

838 1441 862 1461 s.
890 1440 915 1461 c.
945 1432 996 1472 17,
1023 1433 1052 1463 5.
1078 1449 1121 1453 —-
1143 1432 1270 1472 ylebos„
1298 1429 1364 1470 vgl.
1386 1430 1439 1468 21,
1456 1429 1510 1468 31,

842 1477 898 1516 115
923 1487 1001 1508 saxa
1033 1478 1184 1518 ylareosa.
1221 1493 1264 1498 —
1300 1477 1436 1506 harenae
1467 1489 1513 1500 =

838 1533 958 1553 arenae.
992 1540 1035 1544 —
1078 1525 1202 1562 ine-ess„
1243 1531 1306 1552 von
1344 1520 1369 1551 F
1373 1521 1512 1551 riiheren

840 1567 930 1598 nicht
969 1567 1169 1608 gebrant-ht,
1224 1567 1268 1598 ist
1310 1566 1382 1598 hier
1420 1565 1512 1596 nicht

840 1612 959 1644 allein:
985 1612 1017 1643 in
1043 1613 1101 1644 das
1128 1613 1232 1644 offene
1258 1611 1349 1644 Meer
1373 1609 1511 1650 werfen,

839 1668 873 1690 es
905 1658 965 1690 mit
997 1677 1040 1681 —
1072 1657 1259 1699 angreisen,
1297 1659 1335 1697 8,
1362 1659 1422 1696 24,
1454 1658 1514 1695 153

840 1705 894 1744 26,
933 1706 985 1743 10,
1023 1706 1060 1744 7,
1099 1714 1230 1735 woraus
1255 1703 1327 1734 sich
1360 1712 1422 1734 nur
1453 1702 1512 1733 das

840 1752 964 1791 lonyius
987 1748 1031 1780 im
1055 1749 1081 1781 F
1085 1750 1147 1790 olg.
1177 1749 1335 1788 erkliirte,
1371 1747 1513 1780 sondern

839 1805 875 1827 so
903 1795 961 1826 das
986 1794 1078 1827 Meer
1101 1795 1237 1835 treffeu,
1274 1794 1349 1825 dass
1374 1803 1435 1825 nur
1459 1793 1512 1824 die

842 1840 1035 1872 Oberssiiche
1082 1840 1115 1871 in
1165 1840 1256 1872 einer
1306 1838 1512 1871 bestimmten

840 1885 956 1918 &Veise
1005 1887 1084 1917 oder
1125 1885 1330 1926 Entsernung
1375 1885 1514 1916 beriihrt

840 1931 935 1963 wird.
959 1949 1003 1953 —-
1025 1934 1160 1973 loqu'us,
1186 1931 1218 1962 in
1236 1931 1372 1963 weitere
1395 1929 1512 1970 Ferue,

840 1976 885 2008 ist
911 1976 1013 2009 freier
1035 1977 1097 2008 mit
1134 1980 1186 2009 usi
1209 1984 1284 2009 sunt
1310 1975 1513 2015 verbunden,

840 2023 880 2053 da
894 2023 1053 2054 zun'zichst
1071 2033 1112 2054 an
1138 2023 1195 2054 das
1216 2025 1315 2055 iacere
1327 2033 1367 2053 zu
1387 2021 1513 2052 denken

841 2068 894 2100 ist.
913 2085 957 2090 ——
983 2075 1054 2100 cert.
1082 2071 1154 2106 ictu,
1179 2079 1215 2100 so
1241 2068 1315 2099 dass
1338 2067 1385 2099 sie
1408 2076 1513 2107 unge-

841 2115 954 2146 achtet
997 2114 1055 2145 der
1094 2116 1266 2154 griisseren
1308 2110 1514 2153 Entfernung

840 2159 987 2191 sicherer
1001 2160 1065 2191 und
1079 2159 1373 2190 nachdriicklicher
1385 2156 1514 2197 trafen3

842 2208 937 2245 ictus,
963 2205 1021 2236 das
1045 2204 1194 2245 Treffen,
1232 2215 1256 2236 s.
1287 2205 1342 2243 26,
1370 2205 1423 2243 40,
1454 2205 1512 2243 1⁰3

840 2253 950 2290 iaetus,
975 2251 1032 2282 das
1053 2249 1205 2290 Werfen‚
1231 2250 1290 2282 der
1304 2249 1349 2281 W
1351 2248 1413 2289 urs,
1439 2247 1514 2289 §63

841 2298 895 2333 44,
927 2297 981 2335 35,
1012 2298 1048 2329 9:
1084 2298 1193 2327 melius
1225 2302 1253 2327 et
1276 2298 1405 2327 certiore
1429 2296 1511 2336 ictu,

841 2342 906 2383 vgl.
936 2342 1147 2381 34,14,11;
1176 2342 1386 2381 3o,1o,13;
1412 2339 1514 2380 Verg

845 2389 902 2426 12,
936 2389 1019 2420 490.
1051 2394 1132 2419 certo
1163 2393 1370 2428 eonem-quem
1403 2387 1515 2427 diriqzt

842 2435 924 2471 1'5ctu
956 2432 1063 2464 Suid:
1101 2429 1274 2476 Ἀχαὶκὸν
1305 2433 1414 2483 βέλος
1441 2443 1514 2463 των

842 2479 878 2517 ἐξ
898 2476 1045 2530 Ἀχαΐας
1070 2477 1330 2530 σᾳενδοιηητῶι
1362 2472 1514 2510 πάιτων

842 2519 1169 2565 ἐπιτηδειότατον
1161 2520 1254 2570 πρὸς
1281 2524 1516 2569 πολιορκιαν.

844 2587 883 2591 -
908 2571 1047 2612 Balear,
1072 2579 1098 2602 s.
1124 2570 1177 2610 28,
1209 2570 1261 2609 37,
1291 2570 1320 2602 6.
1348 2587 1392 2591 —
1416 2580 1464 2599 usz
1489 2579 1512 2600 ,9.
