1747 2841
34 139 45 159 ,ι
93 133 121 152 a.
141 125 192 152 eh.
215 125 272 152 189.

506 125 630 158 LIBER
655 124 848 159 XXXVIII.
874 125 965 158 CAP.
991 127 1043 160 21.

1427 125 1510 168 305

94 230 307 276 ducuntur,
331 229 380 268 ita
405 241 496 280 prae
526 241 566 267 se
596 228 817 268 habentium
844 234 972 275 scuta,
1002 233 1042 266 ut
1064 227 1217 266 missilia
1241 234 1389 267 tantum
1411 228 1507 267 vita-

97 292 195 334 rent,
216 286 312 337 pede
335 285 470 324 collato
493 296 572 323 non
596 285 819 324 viderentur
840 284 1060 336 pugnaturi.
1088 283 1296 323 missilibus
1317 296 1363 322 ex
1386 285 1506 324 inter·
1527 293 1547 325 4

99 343 196 381 vallo
219 342 292 381 loci
315 341 505 392 proelium
528 342 782 380 commissum
804 348 871 386 est,
892 341 1018 392 primo
1041 352 1121 391 par,
1148 340 1274 379 Gallos
1294 340 1378 378 loco
1396 341 1507 379 adiu-

99 405 222 445 vante,
243 399 440 437 Romanos
465 398 640 436 varietate
663 404 699 437 et
722 397 830 449 copia
847 397 1033 443 telorum;
1054 397 1288 447 procedente
1300 397 1507 436 certamine

99 455 194 494 nihil
214 455 289 493 iam
312 454 424 504 aequi
446 460 535 492 erat.
584 460 689 493 scuta
708 454 820 505 longa
844 459 1013 492 ceterum
1035 453 1079 492 ad
1103 453 1394 504 amplitiulinem
1418 465 1507 492 cor-

96 523 239 563 porum
270 522 408 561 parum
440 510 521 556 lata,
548 518 585 550 et
614 524 655 549 ea
678 511 759 561 ipsa
780 511 902 561 plana,
934 510 1030 549 male
1052 509 1227 561 tegebant
1248 509 1385 548 Gallos.

97 568 168 606 tela
189 567 264 606 iam
287 567 355 606 alia
376 566 566 606 habebant
587 574 738 618 praeter
759 567 915 618 gladios,
935 578 1118 617 quorum,
1142 579 1229 604 cum
1254 578 1412 605 mamm]
1434 567 1507 605 lio—

94 624 163 663 stis
184 635 266 662 non
290 630 521 670 consereret,
552 624 681 662 nullus
715 636 808 662 usus
830 629 920 662 erat.
943 623 1043 662 saxis
1063 635 1133 661 nec
1156 622 1329 669 modicis,
1351 628 1391 662 ut
1411 635 1508 673 quae
1527 631 1547 662 6

95 692 176 719 non
195 686 498 731 praeparassent,
519 680 584 718 sed
609 680 712 731 quod
736 680 875 730 cuique
899 685 1041 718 temere
1064 679 1270 730 trepidanti
1289 679 1333 717 ad
1349 691 1507 718 manum

96 736 274 783 venisset,
295 743 329 776 et
351 744 391 775 ut
410 737 562 782 insueti,
583 749 654 774 nec
674 743 753 775 arte
776 748 847 775 nec
873 735 1020 775 viribus
1035 735 1258 774 adiuvantes
1270 735 1400 777 ictum,
1422 742 1507 774 ute-

95 792 249 831 bantur.

296 793 437 844 sagittis
468 792 603 844 glande
633 793 764 831 iaculis
791 792 933 831 incauti
954 798 990 831 et
1009 791 1055 830 ab
1077 792 1183 830 omni
1206 798 1312 843 parte
1335 792 1506 843 confige·
1527 799 1546 830 7

95 848 237 888 bantur
267 862 349 895 nec,
377 850 469 900 quid
489 856 655 900 agerent,
681 849 736 887 ira
763 855 799 888 et
819 861 962 899 pavore
984 848 1190 887 occaecatis
1212 848 1347 887 animis
1369 860 1506 887 cerne-

94 905 198 953 bant,
221 912 258 945 et
277 912 386 945 erant
407 906 586 956 deprensi
610 917 749 956 genere
765 917 928 956 pugnae,
951 905 990 943 in
1014 905 1120 955 quod
1145 905 1303 943 minime
1316 905 1505 955 aptisunt.

96 974 186 1000 nam
208 962 538 1013 quemadmodum
560 962 792 1006 comminus,
816 961 880 1000 ubi
899 962 939 1000 in
962 961 1084 1000 vicem
1105 962 1179 1012 pati
1201 968 1237 1000 et
1256 961 1399 1000 inferre
1420 961 1506 1000 vul·
1526 968 1546 1002 8

94 1031 187 1057 nera
208 1019 303 1065 licet,
325 1018 497 1057 accendit
516 1018 571 1056 ira
594 1018 743 1057 animos
766 1030 915 1064 eorum,
935 1018 994 1063 ita,
1019 1018 1084 1056 ubi
1100 1031 1146 1056 ex
1163 1018 1312 1056 occulto
1326 1024 1362 1056 et
1370 1017 1507 1068 procul

92 1074 241 1114 levibus
262 1075 343 1114 telis
364 1075 628 1121 vulnerantur,
649 1086 731 1121 nec,
754 1087 832 1125 quo
846 1075 1254 1125 ruantcaeeoimpetu,
1271 1074 1423 1121 habent,
1439 1086 1506 1112 ve-

92 1132 150 1170 lut
178 1133 279 1170 ferae
310 1132 512 1170 transfixae
532 1131 570 1169 in
593 1143 685 1169 suos
708 1138 850 1170 temere
873 1131 1090 1169 incurrunt.
1131 1130 1328 1181 detegebat
1348 1131 1507 1169 vulnera
1527 1137 1545 1169 9

92 1199 252 1234 eorum,
282 1188 385 1238 quod
409 1188 502 1226 nudi
522 1194 715 1238 pugnant,
742 1193 778 1226 et
798 1193 890 1227 sunt
908 1190 994 1226 fusa
1014 1195 1050 1227 et
1073 1187 1231 1226 candida
1254 1199 1439 1237 corpora,
1466 1193 1509 1226 ut

88 1323 214 1364 gradu,
249 1323 300 1361 10,
327 1323 357 1361 5,
384 1322 421 1354 6:
448 1323 536 1358 lente,
569 1320 611 1351 im
637 1319 764 1361 Gegen-

91 1371 185 1399 satze
210 1377 249 1399 zu
266 1369 384 1406 plenus
405 1369 538 1408 qradus.
565 1367 619 1407 34,
654 1368 705 1405 15,
737 1367 766 1399 3.

141 1414 238 1450 4—7.
269 1415 374 1452 primo
399 1423 474 1452 par,
500 1413 554 1450 22,
584 1414 638 1451 47,
665 1414 695 1444 4.
725 1429 762 1433 —

92 1462 259 1498 e·a7·1'et.‚c.
283 1458 336 1497 20,
360 1460 386 1491 1.
404 1469 504 1490 —sc.
531 1459 634 1499 ἰοηρα,
661 1467 687 1488 c.
714 1459 765 1497 17,

95 1505 133 1537 3·
157 1506 208 1543 10,
227 1505 280 1546 29,
301 1504 339 1543 [33
357 1502 474 1545 Ρο1Υ,1)
495 1505 525 1541 2,
544 1504 602 1536 30:
633 1516 674 1535 οι
703 1502 764 1535 ‹51-

46 1552 50 1555 '
93 1551 255 1594 ἰααένοι
288 1550 354 1581 τοῦ
392 1548 591 1581 sazau-aot
610 1549 768 1603 θιρεοῦ

93 1593 159 1628 τὸν
182 1589 300 1650 ἄνδρα
332 1595 578 1648 περισκέπειν,
605 1591 675 1641 ὅσῳ
702 1605 766 1636 71

94 1638 172 1692 μιὰ
188 1640 247 1672 καὶ
263 1641 373 1685 μείζω
399 1638 443 1673 τὰ
461 1636 611 1682 σώματα
630 1636 684 1680 ἦν.
705 1652 767 1672 10-

95 1696 213 1729 σουτῳ
240 1687 429 1728 σιιμέβαιπε
453 1686 596 1730 μᾶλλοι
618 1683 660 1718 τὰ
681 1686 765 1727 βελη

93 1734 248 1764 πίπτειν
280 1730 397 1765 ἔνδον.
423 1747 464 1753 --·
489 1733 533 1762 ad
563 1734 693 1772 amplia,
725 1730 767 1761 im

94 1775 307 1809 xffmhaltniss
341 1786 381 1808 zu
415 1776 474 1808 den
502 1776 662 1817 (grosseti)
692 1776 768 1808 Lei-

93 1822 187 1862 bern,
213 1833 238 1854 s.
265 1832 291 1853 c.
318 1823 371 1862 53,
400 1823 449 1855 10.
475 1839 519 1844 —
536 1824 649 1861 plana,
679 1822 770 1853 nicht

94 1867 255 1912 gewiilbt.
278 1867 343 1899 wie
381 1867 433 1899 die
466 1867 662 1907 romischen,
686 1878 710 1899 s.
742 1870 769 1908 1,

95 1915 150 1955 43,
186 1916 216 1946 4.
250 1931 295 1935 —
327 1916 415 1953 male,
453 1915 505 1953 35,
547 1914 600 1951 49,
641 1915 691 1946 10.
726 1931 769 1935 ——

93 1970 224 1990 manum
248 1970 343 1998 cons„
369 1969 392 1991 S.
421 1959 473 2000 21,
499 1961 554 2000 41,
579 1961 615 1997 43
642 1960 696 1999 22,
715 1960 768 1998 29,

94 2007 116 2038 4
156 2016 187 2036 u.
222 2014 270 2045 a.,
306 2002 354 2035 ost
382 2015 494 2036 manus
525 2015 693 2036 conserere.
729 2022 769 2027 —

94 2062 173 2082 usus
196 2061 250 2090 eon,
290 2052 315 2092 l,
342 2051 395 2089 56,
429 2051 458 2083 3.
486 2068 528 2072 -—
560 2052 646 2091 quod
670 2064 713 2076 -—-
738 2061 769 2082 eo

92 2098 191 2138 quod,
222 2095 304 2126 nach
328 2098 413 2127 saxis
440 2095 770 2136 veraugemeinernd.

94 2159 140 2163 —
175 2152 230 2173 nec
261 2143 368 2172 modic.
407 2141 528 2172 krinnte
552 2141 615 2173 wie
641 2144 768 2181 necopi-

94 2198 179 2218 nans
221 2198 251 2218 u.
297 2186 349 2218 bei
392 2185 559 2218 Friiheren
601 2198 654 2218 nec
689 2194 768 2219 recte

95 2235 197 2264 dicere
232 2243 261 2264 u.
296 2232 324 2265 zi.
358 2235 474 2273 gesagt
497 2231 585 2271 sein,
618 2232 700 2263 doch
726 2232 769 2264 ist

96 2277 205 2310 dieser
255 2281 348 2309 sonst
391 2277 656 2309 alterthiimliche
701 2276 767 2310 Ge-

95 2323 220 2355 brauch
245 2334 309 2354 von
336 2333 390 2354 nec
414 2321 465 2354 bei
491 2322 526 2353 L.
552 2323 628 2354 sehr
651 2323 767 2358 selten,

95 2379 123 2401 s.
162 2371 191 2408 1,
229 2370 282 2408 25,
316 2369 372 2401 1o:
407 2379 461 2400 nec
479 2370 606 2409 procul,
631 2368 767 2400 deshalb

96 2414 140 2445 ist
169 2414 253 2446 nach
278 2413 415 2445 Crevier
441 2420 468 2446 et
499 2417 679 2454 zugesetzt,
709 2414 768 2446 ob-

95 2459 205 2501 gleich
241 2460 324 2491 auch
357 2458 408 2490 ein
445 2458 579 2490 zweites
618 2459 767 2492 Attribut

95 2505 156 2537 mit
190 2516 244 2537 nec
268 2503 471 2545 ausgefallen
503 2504 572 2536 sein
598 2504 694 2537 kann.
725 2524 766 2528 --

95 2553 223 2590 insueti,
250 2550 392 2589 absolut,
426 2550 509 2581 nach
535 2550 637 2581 Cesar
665 2553 695 2592 7,
724 2553 763 2585 81

165 2611 224 2637 Tit.
242 2611 304 2637 Liv.
324 2610 399 2637 VIII.

834 1321 940 1353 haben
965 1321 1016 1353 die
1050 1319 1179 1353 Gallier
1211 1322 1437 1354 Schleuderer.
1464 1339 1510 1346 —

834 1369 950 1404 adiuv„
978 1368 1031 1404 34,
1062 1368 1115 1408 39,
1144 1369 1197 1401 10.
1222 1387 1263 1391 —
1289 1371 1412 1400 incauti
1433 1375 1460 1400 et
1471 1370 1508 1400 ab

835 1417 916 1445 etc..
952 1412 1017 1453 vgl.
1052 1413 1113 1452 22,
1143 1413 1200 1451 16,
1228 1415 1263 1447 3:
1288 1417 1371 1446 lema
1395 1425 1509 1456 puqna

835 1464 861 1490 et
878 1469 916 1490 cx
929 1460 1091 1490 dictatoris
1105 1459 1181 1498 fecit
1199 1461 1366 1502 voluntate,
1381 1461 1434 1501 24,
1453 1461 1507 1498 27,

840 1505 853 1536 1
876 1514 906 1534 u.
925 1514 970 1534 a.:
996 1503 1044 1535 sie
1069 1504 1173 1544 gabea
1199 1504 1270 1536 sich
1295 1505 1426 1537 BIUssen
1443 1505 1509 1536 und

836 1546 971 1580 wurdeh
1013 1548 1119 1590 (nicht
1169 1554 1255 1581 etwa
1305 1561 1367 1582 von
1419 1550 1511 1582 einer

835 1594 935 1634 Seite,
962 1592 1118 1635 sondcrn)
1138 1605 1201 1626 von
1226 1607 1256 1627 u.
1283 1607 1308 1628 s.
1340 1607 1380 1628 w.
1409 1615 1451 1619 —
1475 1598 1509 1628 in

834 1642 928 1681 quod,
954 1640 1020 1681 vgl.
1051 1639 1184 1681 Quintil.
1222 1643 1271 1681 10,
1301 1643 1332 1683 3,
1361 1643 1420 1674 22:
1451 1652 1510 1681 ap-

835 1688 957 1718 tissima
986 1688 1020 1717 in
1050 1688 1123 1718 leaeo
1156 1698 1292 1728 nemora,
1333 1691 1425 1719 sonst
1451 1697 1509 1728 ge-

837 1731 1003 1763 wiihnlich
1027 1734 1070 1763 ad
1095 1731 1174 1763 oder
1205 1732 1262 1764 der
1295 1732 1413 1775 Dativ,
1442 1733 1508 1774 vgl.

839 1778 891 1815 35,
922 1778 975 1817 32,
1003 1778 1038 1809 7:
1064 1779 1098 1808 in
1122 1788 1186 1809 rem
1213 1780 1326 1810 idonei.

884 1824 945 1856 8-
955 1803 1004 1856 12.
1039 1834 1094 1855 nec
1118 1841 1161 1845 —
1185 1826 1366 1856 inem-rm
1391 1822 1509 1856 Polvb.

839 1869 869 1908 2,
904 1869 1282 1921 30:7169121120132169,
1312 1888 1355 1891 -
1380 1870 1416 1902 οἱ
1439 1869 1510 1915 μὲν

838 1914 889 1951 εἰς
936 1926 1019 1952 τοις
1067 1915 1267 1967 πολεμίους
1316 1912 1388 1948 ὑπὸ
1444 1916 1511 1948 τοῦ

838 1960 965 2004 θιμοι
1000 1960 1060 1992 καὶ
1093 1961 1153 2000 τῆς
1188 1957 1400 2002 αλογιστίας
1431 1961 1512 2014 εἰκῇ

837 2007 1136 2063 προσπίπτοιτες
1161 2023 1201 2028 --
1223 2005 1394 2043 ἑκοισίως
1419 1997 1510 2039 ἀπί-

840 2053 1010 2104 θνησκοτ,
1046 2064 1078 2084 οι
1114 2050 1153 2084 δὲ
1186 2051 1236 2089 εἰς
1270 2064 1352 2089 τους
1382 2053 1512 2096 (ρι’)ους

838 2093 917 2138 ciza
922 2097 1114 2140 τυροῦντες
1147 2114 1192 2119 —
1225 2094 1510 2136 (Ξποδειλιῶιτες

839 2142 1059 2186 διεστρεᾳοι
1085 2141 1180 2188 πρ(“ς
1214 2154 1301 2175 ,cars
1307 2153 1382 2174 7111
1407 2161 1452 2165 —
1476 2141 1511 2174 In

838 2187 889 2219 die
919 2174 1136 2228 Schildeiung
1171 2188 1228 2219 der
1261 2188 1320 2219 den
1362 2178 1511 2220 Galliern

837 2232 1134 2273 eigenthiimlichcn
1155 2231 1328 2275 Rampiart
1356 2233 1397 2265 im
1426 2232 1511 2265 Ριέί-

837 2289 926 2310 sens:
981 2281 1058 2319 licet,
1110 2281 1334 2321 vulnerantur,
1385 2281 1509 2318 hubenc,

831 2330 982 2366 pugnam
1027 2324 1099 2355 sind
1140 2324 1285 2356 einzelne
1330 2324 1420 2366 Ziige
1461 2325 1511 2356 als

838 2370 908 2401 dem
934 2369 1117 2410 damaligeu
1136 2367 1273 2412 Hampfc
1298 2370 1507 2412 angehb'rcnd

837 2414 1014 2456 gemischt:
1034 2416 1196 2457 decessebat,
1210 2416 1435 2457 fundebantur
1449 2420 1511 2448 etc.

837 2479 877 2483 —-
905 2463 995 2497 mccli,
1021 2472 1045 2492 s.
1072 2471 1098 2492 c.
1126 2462 1179 2500 46,
1219 2463 1257 2499 3;
1295 2462 1348 2501 22,
1383 2464 1438 2503 46,
1473 2462 1511 2494 6:

837 2507 925 2538 Galli
961 2517 1055 2545 super
1087 2508 1267 2539 umbilicum
1301 2514 1391 2540 erant
1419 2509 1511 2540 nudi.

837 2570 879 2574 —
914 2553 998 2593 susa
1037 2552 1078 2583 im
1122 2551 1216 2593 Folg.
1261 2553 1364 2584 durch
1410 2555 1512 2585 multa

1221 2611 1263 2641 20

1437 522 1509 549 nec
1528 518 1547 549 5
