<?xml version="1.0" encoding="UTF-8"?>
<!DOCTYPE html PUBLIC "-//W3C//DTD XHTML 1.0 Transitional//EN"
    "http://www.w3.org/TR/xhtml1/DTD/xhtml1-transitional.dtd">
<html xmlns="http://www.w3.org/1999/xhtml" xml:lang="en" lang="en">
 <head>
  <title>
</title>
<meta http-equiv="Content-Type" content="text/html;charset=utf-8" />
  <meta name='ocr-system' content='tesseract 3.04.00' />
  <meta name='ocr-capabilities' content='ocr_page ocr_carea ocr_par ocr_line ocrx_word'/>
</head>
<body>
  <div class='ocr_page' id='page_1' title='image "./aburbeconditalib08livyuoft_0131.png"; bbox 0 0 1747 2841; ppageno 0'>
   <div class='ocr_carea' id='block_1_1' title="bbox 85 122 266 151">
    <p class='ocr_par' dir='ltr' id='par_1_1' title="bbox 85 122 266 151">
     <span class='ocr_line' id='line_1_1' title="bbox 85 122 266 151; baseline -0.006 0"><span class='ocrx_word' id='word_1_1' title='bbox 85 130 114 151; x_wconf 72' lang='lat'><strong>⁸.</strong></span> <span class='ocrx_word' id='word_1_2' title='bbox 134 122 185 150; x_wconf 76' lang='lat' dir='ltr'><strong>ch.</strong></span> <span class='ocrx_word' id='word_1_3' title='bbox 205 123 266 150; x_wconf 79' lang='lat'><strong>191.</strong></span> 
     </span>
    </p>
   </div>
   <div class='ocr_carea' id='block_1_2' title="bbox 539 122 1065 162">
    <p class='ocr_par' dir='ltr' id='par_1_2' title="bbox 539 122 1065 162">
     <span class='ocr_line' id='line_1_2' title="bbox 539 122 1065 162; baseline 0 -7"><span class='ocrx_word' id='word_1_4' title='bbox 539 122 663 156; x_wconf 73' lang='lat' dir='ltr'><strong>LissER</strong></span> <span class='ocrx_word' id='word_1_5' title='bbox 688 122 825 157; x_wconf 78' lang='lat' dir='ltr'>XXXV</span> <span class='ocrx_word' id='word_1_6' title='bbox 829 122 851 157; x_wconf 89' lang='grc' dir='ltr'><strong>Ι.</strong></span> <span class='ocrx_word' id='word_1_7' title='bbox 877 122 969 156; x_wconf 75' lang='lat' dir='ltr'>CAP.</span> <span class='ocrx_word' id='word_1_8' title='bbox 995 125 1065 162; x_wconf 57' lang='lat'><strong>22„</strong></span> 
     </span>
    </p>
   </div>
   <div class='ocr_carea' id='block_1_3' title="bbox 1429 123 1510 166">
    <p class='ocr_par' dir='ltr' id='par_1_3' title="bbox 1429 123 1510 166">
     <span class='ocr_line' id='line_1_3' title="bbox 1429 123 1510 166; baseline 0.025 -2"><span class='ocrx_word' id='word_1_9' title='bbox 1429 123 1510 166; x_wconf 79' lang='lat'><strong>125</strong></span> 
     </span>
    </p>
   </div>
   <div class='ocr_carea' id='block_1_4' title="bbox 90 225 1549 504">
    <p class='ocr_par' dir='ltr' id='par_1_4' title="bbox 90 225 1549 504">
     <span class='ocr_line' id='line_1_4' title="bbox 90 225 1548 267; baseline -0.003 0"><span class='ocrx_word' id='word_1_10' title='bbox 90 240 161 267; x_wconf 86' lang='lat' dir='ltr'><strong>seu</strong></span> <span class='ocrx_word' id='word_1_11' title='bbox 183 227 326 267; x_wconf 87' lang='lat' dir='ltr'><strong>erroris</strong></span> <span class='ocrx_word' id='word_1_12' title='bbox 351 226 473 265; x_wconf 88' lang='lat' dir='ltr'><strong>venia.</strong></span> <span class='ocrx_word' id='word_1_13' title='bbox 513 232 550 265; x_wconf 91' lang='lat' dir='ltr'><strong>et</strong></span> <span class='ocrx_word' id='word_1_14' title='bbox 574 234 718 266; x_wconf 80' lang='lat' dir='ltr'><strong>ceteras</strong></span> <span class='ocrx_word' id='word_1_15' title='bbox 740 227 918 266; x_wconf 73' lang='lat' dir='ltr'>Graeciae</span> <span class='ocrx_word' id='word_1_16' title='bbox 942 227 1108 265; x_wconf 85' lang='lat' dir='ltr'><strong>civitates</strong></span> <span class='ocrx_word' id='word_1_17' title='bbox 1133 225 1318 265; x_wconf 72' lang='lat' dir='ltr'><strong>defecisse</strong></span> <span class='ocrx_word' id='word_1_18' title='bbox 1340 240 1385 265; x_wconf 88' lang='lat' dir='ltr'><strong>eo</strong></span> <span class='ocrx_word' id='word_1_19' title='bbox 1410 226 1508 266; x_wconf 80' lang='lat' dir='ltr'><strong>bello</strong></span> <span class='ocrx_word' id='word_1_20' title='bbox 1529 231 1548 263; x_wconf 82' lang='lat'>2</span> 
     </span>
     <span class='ocr_line' id='line_1_5' title="bbox 91 282 1508 335; baseline -0.001 -12"><span class='ocrx_word' id='word_1_21' title='bbox 91 284 139 323; x_wconf 87' lang='lat' dir='ltr'><strong>ab</strong></span> <span class='ocrx_word' id='word_1_22' title='bbox 160 285 303 335; x_wconf 84' lang='lat' dir='ltr'><strong>optime</strong></span> <span class='ocrx_word' id='word_1_23' title='bbox 326 283 687 328; x_wconf 84' lang='lat' dir='ltr'><strong>111ei·itisR01na11is;</strong></span> <span class='ocrx_word' id='word_1_24' title='bbox 711 283 777 322; x_wconf 90' lang='lat' dir='ltr'><strong>sed</strong></span> <span class='ocrx_word' id='word_1_25' title='bbox 801 284 890 334; x_wconf 84' lang='lat' dir='ltr'><strong>quia</strong></span> <span class='ocrx_word' id='word_1_26' title='bbox 905 289 993 334; x_wconf 89' lang='lat' dir='ltr'><strong>post</strong></span> <span class='ocrx_word' id='word_1_27' title='bbox 1005 285 1133 334; x_wconf 77' lang='lat' dir='ltr'><strong>sugam</strong></span> <span class='ocrx_word' id='word_1_28' title='bbox 1149 282 1259 333; x_wconf 81' lang='lat' dir='ltr'><strong>regis,</strong></span> <span class='ocrx_word' id='word_1_29' title='bbox 1283 283 1508 322; x_wconf 82' lang='lat' dir='ltr'><strong>cuiustidu-</strong></span> 
     </span>
     <span class='ocr_line' id='line_1_6' title="bbox 94 339 1508 390; baseline 0 -12"><span class='ocrx_word' id='word_1_30' title='bbox 94 341 150 379; x_wconf 88' lang='lat' dir='ltr'><strong>cia</strong></span> <span class='ocrx_word' id='word_1_31' title='bbox 176 340 302 379; x_wconf 82' lang='lat' dir='ltr'><strong>officio</strong></span> <span class='ocrx_word' id='word_1_32' title='bbox 335 339 602 386; x_wconf 81' lang='lat' dir='ltr'><strong>decessissent,</strong></span> <span class='ocrx_word' id='word_1_33' title='bbox 636 352 715 378; x_wconf 91' lang='lat' dir='ltr'><strong>non</strong></span> <span class='ocrx_word' id='word_1_34' title='bbox 742 339 978 378; x_wconf 79' lang='lat' dir='ltr'><strong>addidissent</strong></span> <span class='ocrx_word' id='word_1_35' title='bbox 1008 339 1258 390; x_wconf 85' lang='lat' dir='ltr'><strong>pertinaciam</strong></span> <span class='ocrx_word' id='word_1_36' title='bbox 1290 339 1437 389; x_wconf 82' lang='lat' dir='ltr'><strong>culpae,</strong></span> <span class='ocrx_word' id='word_1_37' title='bbox 1470 340 1508 378; x_wconf 91' lang='lat' dir='ltr'><strong>in</strong></span> 
     </span>
     <span class='ocr_line' id='line_1_7' title="bbox 94 396 1549 447; baseline -0.002 -12"><span class='ocrx_word' id='word_1_38' title='bbox 94 397 210 436; x_wconf 86' lang='lat' dir='ltr'><strong>fidem</strong></span> <span class='ocrx_word' id='word_1_39' title='bbox 227 403 400 447; x_wconf 86' lang='lat' dir='ltr'><strong>receptas</strong></span> <span class='ocrx_word' id='word_1_40' title='bbox 423 408 528 441; x_wconf 84' lang='lat' dir='ltr'><strong>esse;</strong></span> <span class='ocrx_word' id='word_1_41' title='bbox 560 397 714 435; x_wconf 83' lang='lat' dir='ltr'><strong>Aetolos</strong></span> <span class='ocrx_word' id='word_1_42' title='bbox 738 408 908 446; x_wconf 83' lang='lat' dir='ltr'><strong>quoque,</strong></span> <span class='ocrx_word' id='word_1_43' title='bbox 930 407 1168 446; x_wconf 89' lang='lat' dir='ltr'><strong>quamquam</strong></span> <span class='ocrx_word' id='word_1_44' title='bbox 1192 407 1269 433; x_wconf 92' lang='lat' dir='ltr'><strong>non</strong></span> <span class='ocrx_word' id='word_1_45' title='bbox 1292 396 1413 434; x_wconf 85' lang='lat' dir='ltr'><strong>secuti</strong></span> <span class='ocrx_word' id='word_1_46' title='bbox 1434 396 1510 434; x_wconf 80' lang='lat' dir='ltr'><strong>sint</strong></span> <span class='ocrx_word' id='word_1_47' title='bbox 1530 398 1549 430; x_wconf 83' lang='lat'><strong>3</strong></span> 
     </span>
     <span class='ocr_line' id='line_1_8' title="bbox 92 452 1509 504; baseline -0.001 -12"><span class='ocrx_word' id='word_1_48' title='bbox 92 464 236 504; x_wconf 87' lang='lat' dir='ltr'><strong>regem,</strong></span> <span class='ocrx_word' id='word_1_49' title='bbox 266 452 333 491; x_wconf 88' lang='lat' dir='ltr'><strong>sed</strong></span> <span class='ocrx_word' id='word_1_50' title='bbox 354 452 610 498; x_wconf 59' lang='lat' dir='ltr'><strong>accersio-int,</strong></span> <span class='ocrx_word' id='word_1_51' title='bbox 642 459 677 491; x_wconf 92' lang='lat' dir='ltr'><strong>et</strong></span> <span class='ocrx_word' id='word_1_52' title='bbox 703 453 820 491; x_wconf 81' lang='lat' dir='ltr'><strong>duces</strong></span> <span class='ocrx_word' id='word_1_53' title='bbox 843 452 941 499; x_wconf 86' lang='lat' dir='ltr'><strong>belli,</strong></span> <span class='ocrx_word' id='word_1_54' title='bbox 968 463 1049 490; x_wconf 91' lang='lat' dir='ltr'><strong>non</strong></span> <span class='ocrx_word' id='word_1_55' title='bbox 1070 452 1164 490; x_wconf 80' lang='lat' dir='ltr'><strong>socii</strong></span> <span class='ocrx_word' id='word_1_56' title='bbox 1188 452 1343 498; x_wconf 81' lang='lat' dir='ltr'><strong>suerint,</strong></span> <span class='ocrx_word' id='word_1_57' title='bbox 1364 452 1395 490; x_wconf 89' lang='lat' dir='ltr'><strong>si</strong></span> <span class='ocrx_word' id='word_1_58' title='bbox 1417 464 1509 502; x_wconf 89' lang='lat' dir='ltr'><strong>pae—</strong></span> 
     </span>
    </p>
   </div>
   <div class='ocr_carea' id='block_1_5' title="bbox 93 508 972 559">
    <p class='ocr_par' dir='ltr' id='par_1_5' title="bbox 93 508 972 559">
     <span class='ocr_line' id='line_1_9' title="bbox 93 508 972 559; baseline -0.002 -11"><span class='ocrx_word' id='word_1_59' title='bbox 93 509 214 548; x_wconf 80' lang='lat' dir='ltr'><strong>nitere</strong></span> <span class='ocrx_word' id='word_1_60' title='bbox 240 509 402 559; x_wconf 75' lang='lat' dir='ltr'><strong>possint,</strong></span> <span class='ocrx_word' id='word_1_61' title='bbox 432 521 547 559; x_wconf 85' lang='lat' dir='ltr'><strong>posse</strong></span> <span class='ocrx_word' id='word_1_62' title='bbox 577 516 613 547; x_wconf 91' lang='lat' dir='ltr'><strong>et</strong></span> <span class='ocrx_word' id='word_1_63' title='bbox 643 508 849 548; x_wconf 87' lang='lat' dir='ltr'><strong>incolumis</strong></span> <span class='ocrx_word' id='word_1_64' title='bbox 877 521 972 547; x_wconf 89' lang='lat' dir='ltr'><strong>esse.</strong></span> 
     </span>
    </p>
   </div>
   <div class='ocr_carea' id='block_1_6' title="bbox 1030 507 1551 559">
    <p class='ocr_par' dir='ltr' id='par_1_6' title="bbox 1030 507 1551 559">
     <span class='ocr_line' id='line_1_10' title="bbox 1030 507 1551 559; baseline 0.006 -13"><span class='ocrx_word' id='word_1_65' title='bbox 1030 507 1077 546; x_wconf 87' lang='lat' dir='ltr'><strong>ad</strong></span> <span class='ocrx_word' id='word_1_66' title='bbox 1099 521 1142 546; x_wconf 87' lang='lat' dir='ltr'><strong>ea</strong></span> <span class='ocrx_word' id='word_1_67' title='bbox 1163 520 1252 547; x_wconf 83' lang='lat' dir='ltr'><strong>cum</strong></span> <span class='ocrx_word' id='word_1_68' title='bbox 1275 508 1396 559; x_wconf 83' lang='lat' dir='ltr'><strong>pacati</strong></span> <span class='ocrx_word' id='word_1_69' title='bbox 1417 508 1511 547; x_wconf 83' lang='lat' dir='ltr'><strong>nihil</strong></span> <span class='ocrx_word' id='word_1_70' title='bbox 1530 517 1551 550; x_wconf 83' lang='lat'>4</span> 
     </span>
    </p>
   </div>
   <div class='ocr_carea' id='block_1_7' title="bbox 90 565 1510 730">
    <p class='ocr_par' dir='ltr' id='par_1_7' title="bbox 90 565 1510 730">
     <span class='ocr_line' id='line_1_11' title="bbox 91 565 1510 617; baseline -0.001 -13"><span class='ocrx_word' id='word_1_71' title='bbox 91 565 406 617; x_wconf 79' lang='lat' dir='ltr'><strong>responderetur,</strong></span> <span class='ocrx_word' id='word_1_72' title='bbox 436 573 716 616; x_wconf 77' lang='lat' dir='ltr'><strong>appareretque</strong></span> <span class='ocrx_word' id='word_1_73' title='bbox 746 566 862 604; x_wconf 86' lang='lat' dir='ltr'><strong>armis</strong></span> <span class='ocrx_word' id='word_1_74' title='bbox 885 577 967 604; x_wconf 77' lang='lat' dir='ltr'><strong>rein</strong></span> <span class='ocrx_word' id='word_1_75' title='bbox 990 565 1200 615; x_wconf 82' lang='lat' dir='ltr'><strong>gerendam</strong></span> <span class='ocrx_word' id='word_1_76' title='bbox 1222 571 1258 603; x_wconf 88' lang='lat' dir='ltr'><strong>et</strong></span> <span class='ocrx_word' id='word_1_77' title='bbox 1278 577 1367 616; x_wconf 84' lang='lat' dir='ltr'><strong>rege</strong></span> <span class='ocrx_word' id='word_1_78' title='bbox 1390 577 1510 615; x_wconf 86' lang='lat' dir='ltr'><strong>supe-</strong></span> 
     </span>
     <span class='ocr_line' id='line_1_12' title="bbox 90 620 1510 673; baseline -0.001 -12"><span class='ocrx_word' id='word_1_79' title='bbox 90 628 174 661; x_wconf 85' lang='lat' dir='ltr'><strong>rato</strong></span> <span class='ocrx_word' id='word_1_80' title='bbox 204 621 348 660; x_wconf 89' lang='lat' dir='ltr'><strong>bellum</strong></span> <span class='ocrx_word' id='word_1_81' title='bbox 368 622 582 661; x_wconf 80' lang='lat' dir='ltr'><strong>Aetolicum</strong></span> <span class='ocrx_word' id='word_1_82' title='bbox 613 623 805 673; x_wconf 83' lang='lat' dir='ltr'><strong>integrum</strong></span> <span class='ocrx_word' id='word_1_83' title='bbox 836 628 992 666; x_wconf 86' lang='lat' dir='ltr'><strong>restare,</strong></span> <span class='ocrx_word' id='word_1_84' title='bbox 1022 627 1142 660; x_wconf 86' lang='lat' dir='ltr'><strong>castra</strong></span> <span class='ocrx_word' id='word_1_85' title='bbox 1169 620 1215 659; x_wconf 90' lang='lat' dir='ltr'><strong>ab</strong></span> <span class='ocrx_word' id='word_1_86' title='bbox 1237 621 1510 673; x_wconf 64' lang='lat' dir='ltr'><strong>Thermopylis</strong></span> 
     </span>
     <span class='ocr_line' id='line_1_13' title="bbox 91 677 1510 730; baseline -0.001 -13"><span class='ocrx_word' id='word_1_87' title='bbox 91 677 138 718; x_wconf 84' lang='lat' dir='ltr'><strong>ad</strong></span> <span class='ocrx_word' id='word_1_88' title='bbox 160 678 382 717; x_wconf 74' lang='lat' dir='ltr'><strong>Heracleam</strong></span> <span class='ocrx_word' id='word_1_89' title='bbox 403 679 534 724; x_wconf 81' lang='lat' dir='ltr'><strong>movit,</strong></span> <span class='ocrx_word' id='word_1_90' title='bbox 558 691 682 730; x_wconf 78' lang='lat' dir='ltr'><strong>eoque</strong></span> <span class='ocrx_word' id='word_1_91' title='bbox 704 679 788 729; x_wconf 88' lang='lat' dir='ltr'><strong>ipso</strong></span> <span class='ocrx_word' id='word_1_92' title='bbox 810 678 882 723; x_wconf 80' lang='lat' dir='ltr'><strong>die,</strong></span> <span class='ocrx_word' id='word_1_93' title='bbox 913 684 955 716; x_wconf 90' lang='lat' dir='ltr'><strong>ut</strong></span> <span class='ocrx_word' id='word_1_94' title='bbox 976 678 1092 716; x_wconf 84' lang='lat' dir='ltr'><strong>situm</strong></span> <span class='ocrx_word' id='word_1_95' title='bbox 1115 683 1292 716; x_wconf 84' lang='lat' dir='ltr'><strong>nosceret</strong></span> <span class='ocrx_word' id='word_1_96' title='bbox 1313 677 1431 724; x_wconf 91' lang='lat' dir='ltr'><strong>urbis,</strong></span> <span class='ocrx_word' id='word_1_97' title='bbox 1463 678 1510 716; x_wconf 85' lang='lat' dir='ltr'><strong>ab</strong></span> 
     </span>
    </p>
   </div>
   <div class='ocr_carea' id='block_1_8' title="bbox 93 734 1050 786">
    <p class='ocr_par' dir='ltr' id='par_1_8' title="bbox 93 734 1050 786">
     <span class='ocr_line' id='line_1_14' title="bbox 93 734 1050 786; baseline -0.001 -13"><span class='ocrx_word' id='word_1_98' title='bbox 93 735 202 774; x_wconf 89' lang='lat' dir='ltr'><strong>omni</strong></span> <span class='ocrx_word' id='word_1_99' title='bbox 230 742 336 785; x_wconf 85' lang='lat' dir='ltr'><strong>parte</strong></span> <span class='ocrx_word' id='word_1_100' title='bbox 367 747 468 786; x_wconf 80' lang='lat' dir='ltr'><strong>equo</strong></span> <span class='ocrx_word' id='word_1_101' title='bbox 503 736 655 774; x_wconf 86' lang='lat' dir='ltr'><strong>moenia</strong></span> <span class='ocrx_word' id='word_1_102' title='bbox 675 741 733 773; x_wconf 89' lang='lat' dir='ltr'><strong>est</strong></span> <span class='ocrx_word' id='word_1_103' title='bbox 756 734 1050 773; x_wconf 81' lang='lat' dir='ltr'><strong>circumvectus.</strong></span> 
     </span>
    </p>
   </div>
   <div class='ocr_carea' id='block_1_9' title="bbox 1101 734 1550 778">
    <p class='ocr_par' dir='ltr' id='par_1_9' title="bbox 1101 734 1550 778">
     <span class='ocr_line' id='line_1_15' title="bbox 1101 734 1550 778; baseline -0.002 -5"><span class='ocrx_word' id='word_1_104' title='bbox 1101 735 1170 773; x_wconf 85' lang='lat' dir='ltr'><strong>sita</strong></span> <span class='ocrx_word' id='word_1_105' title='bbox 1190 740 1248 773; x_wconf 89' lang='lat' dir='ltr'><strong>est</strong></span> <span class='ocrx_word' id='word_1_106' title='bbox 1270 734 1451 773; x_wconf 86' lang='lat' dir='ltr'><strong>Heraclea</strong></span> <span class='ocrx_word' id='word_1_107' title='bbox 1472 735 1511 773; x_wconf 93' lang='lat' dir='ltr'><strong>in</strong></span> <span class='ocrx_word' id='word_1_108' title='bbox 1532 746 1550 778; x_wconf 88' lang='lat'>5</span> 
     </span>
    </p>
   </div>
   <div class='ocr_carea' id='block_1_10' title="bbox 91 791 1551 899">
    <p class='ocr_par' dir='ltr' id='par_1_10' title="bbox 91 791 1551 899">
     <span class='ocr_line' id='line_1_16' title="bbox 92 791 1510 842; baseline -0.001 -12"><span class='ocrx_word' id='word_1_109' title='bbox 92 791 286 830; x_wconf 85' lang='lat' dir='ltr'><strong>radicibus</strong></span> <span class='ocrx_word' id='word_1_110' title='bbox 308 791 423 830; x_wconf 82' lang='lat' dir='ltr'><strong>Oetae</strong></span> <span class='ocrx_word' id='word_1_111' title='bbox 453 792 608 837; x_wconf 82' lang='lat' dir='ltr'><strong>montis,</strong></span> <span class='ocrx_word' id='word_1_112' title='bbox 638 791 720 842; x_wconf 87' lang='lat' dir='ltr'><strong>ipsa</strong></span> <span class='ocrx_word' id='word_1_113' title='bbox 741 791 781 829; x_wconf 92' lang='lat' dir='ltr'><strong>in</strong></span> <span class='ocrx_word' id='word_1_114' title='bbox 803 803 952 842; x_wconf 81' lang='lat' dir='ltr'><strong>campo,</strong></span> <span class='ocrx_word' id='word_1_115' title='bbox 983 803 1111 829; x_wconf 83' lang='lat' dir='ltr'><strong>arcem</strong></span> <span class='ocrx_word' id='word_1_116' title='bbox 1135 791 1402 829; x_wconf 86' lang='lat' dir='ltr'><strong>imminentem</strong></span> <span class='ocrx_word' id='word_1_117' title='bbox 1424 791 1510 829; x_wconf 82' lang='lat' dir='ltr'><strong>loco</strong></span> 
     </span>
     <span class='ocr_line' id='line_1_17' title="bbox 91 847 1551 899; baseline -0.001 -12"><span class='ocrx_word' id='word_1_118' title='bbox 91 848 165 887; x_wconf 86' lang='lat' dir='ltr'><strong>alto</strong></span> <span class='ocrx_word' id='word_1_119' title='bbox 197 853 234 887; x_wconf 88' lang='lat' dir='ltr'><strong>et</strong></span> <span class='ocrx_word' id='word_1_120' title='bbox 264 848 437 899; x_wconf 89' lang='lat' dir='ltr'><strong>undique</strong></span> <span class='ocrx_word' id='word_1_121' title='bbox 459 847 793 899; x_wconf 80' lang='lat' dir='ltr'><strong>praecipitiliabet.</strong></span> <span class='ocrx_word' id='word_1_122' title='bbox 835 848 1118 898; x_wconf 83' lang='lat' dir='ltr'><strong>contemplatus</strong></span> <span class='ocrx_word' id='word_1_123' title='bbox 1140 847 1283 893; x_wconf 91' lang='lat' dir='ltr'><strong>omnia,</strong></span> <span class='ocrx_word' id='word_1_124' title='bbox 1315 859 1412 897; x_wconf 85' lang='lat' dir='ltr'><strong>quae</strong></span> <span class='ocrx_word' id='word_1_125' title='bbox 1436 859 1511 885; x_wconf 87' lang='lat' dir='ltr'><strong>no·</strong></span> <span class='ocrx_word' id='word_1_126' title='bbox 1532 862 1551 893; x_wconf 75' lang='lat'>5</span> 
     </span>
    </p>
   </div>
   <div class='ocr_carea' id='block_1_11' title="bbox 91 903 1441 955">
    <p class='ocr_par' dir='ltr' id='par_1_11' title="bbox 91 903 1441 955">
     <span class='ocr_line' id='line_1_18' title="bbox 91 903 1441 955; baseline -0.001 -11"><span class='ocrx_word' id='word_1_127' title='bbox 91 904 233 944; x_wconf 86' lang='lat' dir='ltr'><strong>scenda</strong></span> <span class='ocrx_word' id='word_1_128' title='bbox 264 911 383 951; x_wconf 81' lang='lat' dir='ltr'><strong>erant,</strong></span> <span class='ocrx_word' id='word_1_129' title='bbox 413 911 596 955; x_wconf 83' lang='lat' dir='ltr'><strong>quattuor</strong></span> <span class='ocrx_word' id='word_1_130' title='bbox 625 904 741 943; x_wconf 84' lang='lat' dir='ltr'><strong>simul</strong></span> <span class='ocrx_word' id='word_1_131' title='bbox 769 904 863 942; x_wconf 89' lang='lat' dir='ltr'><strong>locis</strong></span> <span class='ocrx_word' id='word_1_132' title='bbox 894 904 1049 955; x_wconf 77' lang='lat' dir='ltr'><strong>aggredi</strong></span> <span class='ocrx_word' id='word_1_133' title='bbox 1070 903 1209 943; x_wconf 87' lang='lat' dir='ltr'><strong>urbem</strong></span> <span class='ocrx_word' id='word_1_134' title='bbox 1233 903 1441 942; x_wconf 84' lang='lat' dir='ltr'><strong>constituit.</strong></span> 
     </span>
    </p>
   </div>
   <div class='ocr_carea' id='block_1_12' title="bbox 1491 916 1550 951">
    <p class='ocr_par' dir='ltr' id='par_1_12' title="bbox 1491 916 1550 951">
     <span class='ocr_line' id='line_1_19' title="bbox 1491 916 1550 951; baseline 0 0"><span class='ocrx_word' id='word_1_135' title='bbox 1491 916 1550 951; x_wconf 69' lang='lat'><strong>37</strong></span> 
     </span>
    </p>
   </div>
   <div class='ocr_carea' id='block_1_13' title="bbox 92 960 1513 1069">
    <p class='ocr_par' dir='ltr' id='par_1_13' title="bbox 92 960 1513 1069">
     <span class='ocr_line' id='line_1_20' title="bbox 92 960 1510 1012; baseline -0.001 -12"><span class='ocrx_word' id='word_1_136' title='bbox 92 961 254 1000; x_wconf 90' lang='lat' dir='ltr'><strong>ssumine</strong></span> <span class='ocrx_word' id='word_1_137' title='bbox 272 962 416 1012; x_wconf 80' lang='lat' dir='ltr'><strong>Asopo,</strong></span> <span class='ocrx_word' id='word_1_138' title='bbox 449 973 524 1011; x_wconf 83' lang='lat' dir='ltr'><strong>qua</strong></span> <span class='ocrx_word' id='word_1_139' title='bbox 546 967 583 999; x_wconf 89' lang='lat' dir='ltr'><strong>et</strong></span> <span class='ocrx_word' id='word_1_140' title='bbox 605 960 851 1012; x_wconf 67' lang='lat' dir='ltr'><strong>gymnasium</strong></span> <span class='ocrx_word' id='word_1_141' title='bbox 875 966 942 1007; x_wconf 86' lang='lat' dir='ltr'><strong>est,</strong></span> <span class='ocrx_word' id='word_1_142' title='bbox 966 960 1008 998; x_wconf 94' lang='lat' dir='ltr'><strong>L.</strong></span> <span class='ocrx_word' id='word_1_143' title='bbox 1033 961 1226 999; x_wconf 63' lang='lat' dir='ltr'><strong>Valerium</strong></span> <span class='ocrx_word' id='word_1_144' title='bbox 1246 960 1430 1011; x_wconf 85' lang='lat' dir='ltr'><strong>operibus</strong></span> <span class='ocrx_word' id='word_1_145' title='bbox 1452 966 1510 999; x_wconf 84' lang='lat' dir='ltr'><strong>at-</strong></span> 
     </span>
     <span class='ocr_line' id='line_1_21' title="bbox 92 1017 1513 1069; baseline -0.001 -13"><span class='ocrx_word' id='word_1_146' title='bbox 92 1029 167 1068; x_wconf 87' lang='lat' dir='ltr'><strong>que</strong></span> <span class='ocrx_word' id='word_1_147' title='bbox 188 1018 467 1069; x_wconf 77' lang='lat' dir='ltr'><strong>oppugnationi</strong></span> <span class='ocrx_word' id='word_1_148' title='bbox 487 1017 730 1068; x_wconf 72' lang='lat' dir='ltr'><strong>praeposuit3</strong></span> <span class='ocrx_word' id='word_1_149' title='bbox 751 1017 797 1056; x_wconf 89' lang='lat' dir='ltr'><strong>ab</strong></span> <span class='ocrx_word' id='word_1_150' title='bbox 820 1030 907 1056; x_wconf 86' lang='lat' dir='ltr'><strong>arce</strong></span> <span class='ocrx_word' id='word_1_151' title='bbox 930 1023 1035 1055; x_wconf 81' lang='lat' dir='ltr'><strong>extra</strong></span> <span class='ocrx_word' id='word_1_152' title='bbox 1057 1029 1205 1063; x_wconf 91' lang='lat' dir='ltr'><strong>muros,</strong></span> <span class='ocrx_word' id='word_1_153' title='bbox 1229 1029 1303 1068; x_wconf 86' lang='lat' dir='ltr'><strong>qua</strong></span> <span class='ocrx_word' id='word_1_154' title='bbox 1326 1018 1513 1067; x_wconf 83' lang='lat' dir='ltr'><strong>frequen-</strong></span> 
     </span>
    </p>
   </div>
   <div class='ocr_carea' id='block_1_14' title="bbox 89 1139 770 1681">
    <p class='ocr_par' dir='ltr' id='par_1_14' title="bbox 89 1139 770 1681">
     <span class='ocr_line' id='line_1_22' title="bbox 89 1139 767 1173; baseline -0.003 0"><span class='ocrx_word' id='word_1_155' title='bbox 89 1146 206 1173; x_wconf 76' lang='lat' dir='ltr'><strong>eeeeras</strong></span> <span class='ocrx_word' id='word_1_156' title='bbox 229 1139 274 1171; x_wconf 85' lang='lat' dir='ltr'><strong>ist</strong></span> <span class='ocrx_word' id='word_1_157' title='bbox 305 1140 476 1171; x_wconf 83' lang='lat' dir='ltr'><strong>eutweder</strong></span> <span class='ocrx_word' id='word_1_158' title='bbox 512 1139 767 1172; x_wconf 83' lang='lat' dir='ltr'><strong>iiberbietender</strong></span> 
     </span>
     <span class='ocr_line' id='line_1_23' title="bbox 90 1184 766 1227; baseline -0.001 -9"><span class='ocrx_word' id='word_1_159' title='bbox 90 1185 274 1227; x_wconf 76' lang='lat' dir='ltr'><strong>Ausdruck,</strong></span> <span class='ocrx_word' id='word_1_160' title='bbox 298 1185 339 1216; x_wconf 87' lang='lat' dir='ltr'><strong>da</strong></span> <span class='ocrx_word' id='word_1_161' title='bbox 362 1184 469 1226; x_wconf 86' lang='lat' dir='ltr'><strong>einige</strong></span> <span class='ocrx_word' id='word_1_162' title='bbox 494 1189 568 1216; x_wconf 85' lang='lat' dir='ltr'><strong>treu</strong></span> <span class='ocrx_word' id='word_1_163' title='bbox 594 1185 766 1227; x_wconf 82' lang='lat' dir='ltr'><strong>geblieben</strong></span> 
     </span>
     <span class='ocr_line' id='line_1_24' title="bbox 92 1230 769 1264; baseline 0 -2"><span class='ocrx_word' id='word_1_164' title='bbox 92 1240 217 1264; x_wconf 76' lang='lat' dir='ltr'><strong>waren.</strong></span> <span class='ocrx_word' id='word_1_165' title='bbox 245 1230 324 1262; x_wconf 85' lang='lat' dir='ltr'><strong>oder</strong></span> <span class='ocrx_word' id='word_1_166' title='bbox 341 1241 376 1262; x_wconf 81' lang='lat' dir='ltr'><strong>es</strong></span> <span class='ocrx_word' id='word_1_167' title='bbox 394 1230 437 1262; x_wconf 87' lang='lat' dir='ltr'><strong>ist</strong></span> <span class='ocrx_word' id='word_1_168' title='bbox 463 1241 504 1262; x_wconf 87' lang='lat' dir='ltr'><strong>an</strong></span> <span class='ocrx_word' id='word_1_169' title='bbox 521 1233 658 1263; x_wconf 70' lang='lat' dir='ltr'><strong>civitates</strong></span> <span class='ocrx_word' id='word_1_170' title='bbox 684 1235 769 1262; x_wconf 84' lang='lat' dir='ltr'><strong>statt</strong></span> 
     </span>
     <span class='ocr_line' id='line_1_25' title="bbox 92 1275 769 1317; baseline -0.001 -8"><span class='ocrx_word' id='word_1_171' title='bbox 92 1287 135 1309; x_wconf 80' lang='lat' dir='ltr'><strong>an</strong></span> <span class='ocrx_word' id='word_1_172' title='bbox 161 1278 310 1309; x_wconf 75' lang='lat' dir='ltr'><strong>Graeciae</strong></span> <span class='ocrx_word' id='word_1_173' title='bbox 342 1275 498 1315; x_wconf 62' lang='lat' dir='ltr'><strong>(Gronov.</strong></span> <span class='ocrx_word' id='word_1_174' title='bbox 533 1276 609 1308; x_wconf 87' lang='lat' dir='ltr'><strong>liest</strong></span> <span class='ocrx_word' id='word_1_175' title='bbox 641 1277 769 1317; x_wconf 79' lang='lat' dir='ltr'><strong>ceterae)</strong></span> 
     </span>
     <span class='ocr_line' id='line_1_26' title="bbox 92 1322 767 1364; baseline -0.001 -10"><span class='ocrx_word' id='word_1_176' title='bbox 92 1322 363 1363; x_wconf 84' lang='lat' dir='ltr'><strong>angeschlossen:</strong></span> <span class='ocrx_word' id='word_1_177' title='bbox 389 1322 526 1353; x_wconf 79' lang='lat' dir='ltr'><strong>Staaten</strong></span> <span class='ocrx_word' id='word_1_178' title='bbox 551 1322 593 1353; x_wconf 91' lang='lat' dir='ltr'><strong>im</strong></span> <span class='ocrx_word' id='word_1_179' title='bbox 617 1322 767 1364; x_wconf 82' lang='lat' dir='ltr'><strong>iibrigen,</strong></span> 
     </span>
     <span class='ocr_line' id='line_1_27' title="bbox 92 1366 768 1402; baseline 0 -3"><span class='ocrx_word' id='word_1_180' title='bbox 92 1368 232 1399; x_wconf 79' lang='lat' dir='ltr'><strong>Staaten</strong></span> <span class='ocrx_word' id='word_1_181' title='bbox 258 1371 351 1399; x_wconf 88' lang='lat' dir='ltr'><strong>sonst</strong></span> <span class='ocrx_word' id='word_1_182' title='bbox 379 1367 410 1398; x_wconf 90' lang='lat' dir='ltr'><strong>in</strong></span> <span class='ocrx_word' id='word_1_183' title='bbox 441 1366 696 1402; x_wconf 79' lang='lat' dir='ltr'><strong>Griechenland.</strong></span> <span class='ocrx_word' id='word_1_184' title='bbox 728 1385 768 1390; x_wconf 96' lang='lat'><strong>—</strong></span> 
     </span>
     <span class='ocr_line' id='line_1_28' title="bbox 91 1412 768 1454; baseline 0.001 -9"><span class='ocrx_word' id='word_1_185' title='bbox 91 1414 201 1454; x_wconf 80' lang='lat' dir='ltr'><strong>officio</strong></span> <span class='ocrx_word' id='word_1_186' title='bbox 227 1415 303 1451; x_wconf 65' lang='lat' dir='ltr'><strong>dee,</strong></span> <span class='ocrx_word' id='word_1_187' title='bbox 330 1412 397 1453; x_wconf 74' lang='lat' dir='ltr'><strong>vgl.</strong></span> <span class='ocrx_word' id='word_1_188' title='bbox 426 1414 479 1452; x_wconf 98' lang='lat'><strong>37,</strong></span> <span class='ocrx_word' id='word_1_189' title='bbox 506 1416 559 1454; x_wconf 82' lang='lat'><strong>54,</strong></span> <span class='ocrx_word' id='word_1_190' title='bbox 585 1414 623 1453; x_wconf 80' lang='lat'><strong>93</strong></span> <span class='ocrx_word' id='word_1_191' title='bbox 654 1415 714 1453; x_wconf 71' lang='lat'><strong>133</strong></span> <span class='ocrx_word' id='word_1_192' title='bbox 736 1414 768 1453; x_wconf 90' lang='lat'><strong>3,</strong></span> 
     </span>
     <span class='ocr_line' id='line_1_29' title="bbox 91 1460 767 1498; baseline 0 -6"><span class='ocrx_word' id='word_1_193' title='bbox 91 1460 148 1498; x_wconf 83' lang='lat'><strong>46,</strong></span> <span class='ocrx_word' id='word_1_194' title='bbox 183 1460 220 1492; x_wconf 91' lang='lat'><strong>3:</strong></span> <span class='ocrx_word' id='word_1_195' title='bbox 253 1460 407 1491; x_wconf 77' lang='lat' dir='ltr'><strong>decederet</strong></span> <span class='ocrx_word' id='word_1_196' title='bbox 431 1461 501 1491; x_wconf 70' lang='lat' dir='ltr'><strong>iure</strong></span> <span class='ocrx_word' id='word_1_197' title='bbox 523 1470 578 1490; x_wconf 77' lang='lat' dir='ltr'><strong>suo</strong></span> <span class='ocrx_word' id='word_1_198' title='bbox 614 1470 644 1490; x_wconf 89' lang='lat' dir='ltr'><strong>u.</strong></span> <span class='ocrx_word' id='word_1_199' title='bbox 671 1469 711 1497; x_wconf 84' lang='lat' dir='ltr'><strong>a.,</strong></span> <span class='ocrx_word' id='word_1_200' title='bbox 740 1470 767 1492; x_wconf 92' lang='lat' dir='ltr'><strong>s.</strong></span> 
     </span>
     <span class='ocr_line' id='line_1_30' title="bbox 93 1504 770 1544; baseline 0 -8"><span class='ocrx_word' id='word_1_201' title='bbox 93 1514 120 1536; x_wconf 87' lang='lat' dir='ltr'><strong>c.</strong></span> <span class='ocrx_word' id='word_1_202' title='bbox 150 1505 202 1543; x_wconf 86' lang='lat'><strong>13,</strong></span> <span class='ocrx_word' id='word_1_203' title='bbox 236 1506 267 1536; x_wconf 78' lang='lat'><strong>4.</strong></span> <span class='ocrx_word' id='word_1_204' title='bbox 296 1523 337 1529; x_wconf 94' lang='lat'><strong>-—</strong></span> <span class='ocrx_word' id='word_1_205' title='bbox 373 1507 407 1535; x_wconf 72' lang='lat' dir='ltr'><strong>in</strong></span> <span class='ocrx_word' id='word_1_206' title='bbox 434 1506 498 1544; x_wconf 84' lang='lat' dir='ltr'><strong>fid.</strong></span> <span class='ocrx_word' id='word_1_207' title='bbox 531 1516 604 1540; x_wconf 59' lang='lat' dir='ltr'><strong>ree„</strong></span> <span class='ocrx_word' id='word_1_208' title='bbox 645 1504 770 1536; x_wconf 62' lang='lat' dir='ltr'><strong>wieder</strong></span> 
     </span>
     <span class='ocr_line' id='line_1_31' title="bbox 93 1549 768 1590; baseline 0.001 -9"><span class='ocrx_word' id='word_1_209' title='bbox 93 1549 143 1581; x_wconf 83' lang='lat' dir='ltr'><strong>als</strong></span> <span class='ocrx_word' id='word_1_210' title='bbox 184 1549 473 1590; x_wconf 85' lang='lat' dir='ltr'><strong>Bundesgenossen</strong></span> <span class='ocrx_word' id='word_1_211' title='bbox 524 1560 768 1590; x_wconf 79' lang='lat' dir='ltr'><strong>angenonimeu.</strong></span> 
     </span>
     <span class='ocr_line' id='line_1_32' title="bbox 93 1595 770 1635; baseline 0.001 -8"><span class='ocrx_word' id='word_1_212' title='bbox 93 1613 127 1618; x_wconf 76' lang='lat'><strong>——</strong></span> <span class='ocrx_word' id='word_1_213' title='bbox 161 1596 260 1627; x_wconf 68' lang='lat' dir='ltr'><strong>secuti</strong></span> <span class='ocrx_word' id='word_1_214' title='bbox 281 1609 321 1615; x_wconf 93' lang='lat'>-</span> <span class='ocrx_word' id='word_1_215' title='bbox 341 1597 428 1635; x_wconf 73' lang='lat' dir='ltr'><strong>socii,</strong></span> <span class='ocrx_word' id='word_1_216' title='bbox 452 1595 651 1635; x_wconf 80' lang='lat' dir='ltr'><strong>ehiastisch3</strong></span> <span class='ocrx_word' id='word_1_217' title='bbox 677 1598 770 1628; x_wconf 73' lang='lat' dir='ltr'><strong>duces</strong></span> 
     </span>
     <span class='ocr_line' id='line_1_33' title="bbox 91 1641 768 1681; baseline 0 -9"><span class='ocrx_word' id='word_1_218' title='bbox 91 1651 118 1672; x_wconf 92' lang='lat' dir='ltr'><strong>s.</strong></span> <span class='ocrx_word' id='word_1_219' title='bbox 146 1642 178 1680; x_wconf 84' lang='lat'><strong>9,</strong></span> <span class='ocrx_word' id='word_1_220' title='bbox 207 1642 258 1677; x_wconf 85' lang='lat'><strong>14,</strong></span> <span class='ocrx_word' id='word_1_221' title='bbox 286 1641 342 1674; x_wconf 94' lang='lat'><strong>14:</strong></span> <span class='ocrx_word' id='word_1_222' title='bbox 368 1643 461 1673; x_wconf 80' lang='lat' dir='ltr'><strong>duces</strong></span> <span class='ocrx_word' id='word_1_223' title='bbox 484 1643 565 1673; x_wconf 78' lang='lat' dir='ltr'><strong>sicut</strong></span> <span class='ocrx_word' id='word_1_224' title='bbox 590 1643 661 1679; x_wconf 72' lang='lat' dir='ltr'><strong>belli</strong></span> <span class='ocrx_word' id='word_1_225' title='bbox 685 1645 768 1681; x_wconf 83' lang='lat' dir='ltr'><strong>etc.;</strong></span> 
     </span>
    </p>
   </div>
   <div class='ocr_carea' id='block_1_15' title="bbox 87 1685 770 1819">
    <p class='ocr_par' dir='ltr' id='par_1_15' title="bbox 87 1685 770 1819">
     <span class='ocr_line' id='line_1_34' title="bbox 93 1685 769 1727; baseline 0.001 -9"><span class='ocrx_word' id='word_1_226' title='bbox 93 1685 162 1719; x_wconf 87' lang='lat' dir='ltr'><strong>Cic.</strong></span> <span class='ocrx_word' id='word_1_227' title='bbox 206 1685 296 1718; x_wconf 87' lang='lat' dir='ltr'><strong>Lael.</strong></span> <span class='ocrx_word' id='word_1_228' title='bbox 352 1687 402 1726; x_wconf 86' lang='lat'><strong>11,</strong></span> <span class='ocrx_word' id='word_1_229' title='bbox 452 1686 507 1718; x_wconf 76' lang='lat'><strong>37.</strong></span> <span class='ocrx_word' id='word_1_230' title='bbox 546 1704 590 1708; x_wconf 90' lang='lat'>—</span> <span class='ocrx_word' id='word_1_231' title='bbox 629 1690 769 1727; x_wconf 66' lang='lat' dir='ltr'><strong>possint,</strong></span> 
     </span>
     <span class='ocr_line' id='line_1_35' title="bbox 87 1731 770 1774; baseline -0.001 -10"><span class='ocrx_word' id='word_1_232' title='bbox 87 1743 191 1773; x_wconf 73' lang='lat' dir='ltr'><strong>posse,</strong></span> <span class='ocrx_word' id='word_1_233' title='bbox 216 1731 387 1763; x_wconf 84' lang='lat' dir='ltr'><strong>Chiasmus</strong></span> <span class='ocrx_word' id='word_1_234' title='bbox 413 1731 583 1764; x_wconf 86' lang='lat' dir='ltr'><strong>desselben</strong></span> <span class='ocrx_word' id='word_1_235' title='bbox 618 1732 770 1774; x_wconf 80' lang='lat' dir='ltr'><strong>Begriffs,</strong></span> 
     </span>
     <span class='ocr_line' id='line_1_36' title="bbox 92 1776 769 1819; baseline 0.001 -10"><span class='ocrx_word' id='word_1_236' title='bbox 92 1776 244 1810; x_wconf 78' lang='lat' dir='ltr'><strong>Hiihnast</strong></span> <span class='ocrx_word' id='word_1_237' title='bbox 280 1779 364 1817; x_wconf 78' lang='lat'><strong>3273</strong></span> <span class='ocrx_word' id='word_1_238' title='bbox 404 1778 479 1811; x_wconf 86' lang='lat'><strong>329.</strong></span> <span class='ocrx_word' id='word_1_239' title='bbox 520 1796 560 1800; x_wconf 87' lang='lat'><em>-</em></span> <span class='ocrx_word' id='word_1_240' title='bbox 592 1781 769 1819; x_wconf 74' lang='lat' dir='ltr'><strong>paenitere,</strong></span> 
     </span>
    </p>
   </div>
   <div class='ocr_carea' id='block_1_16' title="bbox 91 1822 769 2001">
    <p class='ocr_par' dir='ltr' id='par_1_16' title="bbox 91 1822 769 2001">
     <span class='ocr_line' id='line_1_37' title="bbox 92 1822 769 1866; baseline 0 -12"><span class='ocrx_word' id='word_1_241' title='bbox 92 1822 242 1855; x_wconf 86' lang='lat' dir='ltr'><strong>absolut:</strong></span> <span class='ocrx_word' id='word_1_242' title='bbox 268 1822 357 1855; x_wconf 85' lang='lat' dir='ltr'><strong>Reue</strong></span> <span class='ocrx_word' id='word_1_243' title='bbox 383 1823 574 1865; x_wconf 86' lang='lat' dir='ltr'><strong>empfinden,</strong></span> <span class='ocrx_word' id='word_1_244' title='bbox 599 1823 664 1855; x_wconf 87' lang='lat' dir='ltr'><strong>und</strong></span> <span class='ocrx_word' id='word_1_245' title='bbox 692 1833 769 1866; x_wconf 86' lang='lat' dir='ltr'><strong>per-</strong></span> 
     </span>
     <span class='ocr_line' id='line_1_38' title="bbox 91 1868 769 1911; baseline 0.004 -11"><span class='ocrx_word' id='word_1_246' title='bbox 91 1868 231 1907; x_wconf 78' lang='lat' dir='ltr'><strong>so&#39;nlich,</strong></span> <span class='ocrx_word' id='word_1_247' title='bbox 258 1879 285 1900; x_wconf 90' lang='lat' dir='ltr'><strong>s.</strong></span> <span class='ocrx_word' id='word_1_248' title='bbox 314 1870 343 1905; x_wconf 85' lang='grc'><strong>1,</strong></span> <span class='ocrx_word' id='word_1_249' title='bbox 368 1869 422 1907; x_wconf 91' lang='grc'><strong>35,</strong></span> <span class='ocrx_word' id='word_1_250' title='bbox 451 1871 489 1908; x_wconf 80' lang='lat'><strong>53</strong></span> <span class='ocrx_word' id='word_1_251' title='bbox 515 1868 630 1901; x_wconf 84' lang='lat' dir='ltr'><strong>lustin.</strong></span> <span class='ocrx_word' id='word_1_252' title='bbox 659 1871 712 1911; x_wconf 91' lang='lat'><strong>11,</strong></span> <span class='ocrx_word' id='word_1_253' title='bbox 737 1871 769 1911; x_wconf 86' lang='lat'><strong>3,</strong></span> 
     </span>
     <span class='ocr_line' id='line_1_39' title="bbox 95 1916 768 1954; baseline 0 -7"><span class='ocrx_word' id='word_1_254' title='bbox 95 1916 134 1947; x_wconf 87' lang='lat'><strong>3:</strong></span> <span class='ocrx_word' id='word_1_255' title='bbox 159 1916 368 1947; x_wconf 66' lang='lat' dir='ltr'><strong>Athenienses</strong></span> <span class='ocrx_word' id='word_1_256' title='bbox 385 1916 491 1953; x_wconf 70' lang='lat' dir='ltr'><strong>primi</strong></span> <span class='ocrx_word' id='word_1_257' title='bbox 505 1917 670 1954; x_wconf 76' lang='lat' dir='ltr'><strong>paenitere</strong></span> <span class='ocrx_word' id='word_1_258' title='bbox 700 1926 768 1947; x_wconf 86' lang='lat' dir='ltr'><strong>coe-</strong></span> 
     </span>
     <span class='ocr_line' id='line_1_40' title="bbox 91 1959 769 2001; baseline 0.003 -9"><span class='ocrx_word' id='word_1_259' title='bbox 91 1966 228 2000; x_wconf 55' lang='lat' dir='ltr'><strong>pertum·</strong></span> <span class='ocrx_word' id='word_1_260' title='bbox 251 1959 341 1992; x_wconf 88' lang='lat' dir='ltr'><strong>Suet.</strong></span> <span class='ocrx_word' id='word_1_261' title='bbox 369 1959 486 1994; x_wconf 67' lang='lat' dir='ltr'><strong>vitell.</strong></span> <span class='ocrx_word' id='word_1_262' title='bbox 516 1962 572 1994; x_wconf 86' lang='lat'><strong>15:</strong></span> <span class='ocrx_word' id='word_1_263' title='bbox 591 1963 769 2001; x_wconf 72' lang='lat' dir='ltr'><strong>paenitens.</strong></span> 
     </span>
    </p>
   </div>
   <div class='ocr_carea' id='block_1_17' title="bbox 94 2051 772 2599">
    <p class='ocr_par' dir='ltr' id='par_1_17' title="bbox 94 2051 772 2599">
     <span class='ocr_line' id='line_1_41' title="bbox 140 2051 769 2091; baseline -0.003 -7"><span class='ocrx_word' id='word_1_264' title='bbox 140 2052 239 2085; x_wconf 81' lang='lat'>4—8.</span> <span class='ocrx_word' id='word_1_265' title='bbox 260 2053 434 2089; x_wconf 72' lang='lat' dir='ltr'><strong>pacati—</strong></span> <span class='ocrx_word' id='word_1_266' title='bbox 459 2051 617 2091; x_wconf 51' lang='lat' dir='ltr'><strong>mmm,</strong></span> <span class='ocrx_word' id='word_1_267' title='bbox 653 2052 704 2088; x_wconf 89' lang='lat'><strong>17,</strong></span> <span class='ocrx_word' id='word_1_268' title='bbox 737 2052 769 2084; x_wconf 89' lang='lat'><strong>4.</strong></span> 
     </span>
     <span class='ocr_line' id='line_1_42' title="bbox 99 2095 770 2137; baseline 0.002 -9"><span class='ocrx_word' id='word_1_269' title='bbox 99 2114 141 2119; x_wconf 95' lang='lat'><strong>—</strong></span> <span class='ocrx_word' id='word_1_270' title='bbox 166 2098 332 2137; x_wconf 81' lang='lat' dir='ltr'><strong>Heraclea,</strong></span> <span class='ocrx_word' id='word_1_271' title='bbox 366 2106 393 2128; x_wconf 81' lang='lat' dir='ltr'><strong>e.</strong></span> <span class='ocrx_word' id='word_1_272' title='bbox 434 2097 484 2137; x_wconf 83' lang='lat'><strong>16,</strong></span> <span class='ocrx_word' id='word_1_273' title='bbox 519 2098 558 2136; x_wconf 80' lang='lat'><strong>33</strong></span> <span class='ocrx_word' id='word_1_274' title='bbox 592 2095 712 2127; x_wconf 82' lang='lat' dir='ltr'><strong>Strabo</strong></span> <span class='ocrx_word' id='word_1_275' title='bbox 738 2097 770 2135; x_wconf 88' lang='grc'>9,</span> 
     </span>
     <span class='ocr_line' id='line_1_43' title="bbox 94 2138 769 2194; baseline -0.003 -18"><span class='ocrx_word' id='word_1_276' title='bbox 94 2143 208 2183; x_wconf 90' lang='grc'>4,13</span> <span class='ocrx_word' id='word_1_277' title='bbox 246 2152 276 2184; x_wconf 90' lang='lat' dir='ltr'><strong>p.</strong></span> <span class='ocrx_word' id='word_1_278' title='bbox 302 2143 385 2176; x_wconf 77' lang='grc'><strong>428·</strong></span> <span class='ocrx_word' id='word_1_279' title='bbox 423 2138 648 2194; x_wconf 76' lang='grc' dir='ltr'><em>ΙΙράκ)εια</em></span> <span class='ocrx_word' id='word_1_280' title='bbox 665 2160 706 2165; x_wconf 87' lang='grc'>-</span> <span class='ocrx_word' id='word_1_281' title='bbox 748 2139 769 2184; x_wconf 85' lang='grc' dir='ltr'>ἡ</span> 
     </span>
     <span class='ocr_line' id='line_1_44' title="bbox 99 2183 769 2233; baseline 0 -13"><span class='ocrx_word' id='word_1_282' title='bbox 99 2189 239 2233; x_wconf 74' lang='grc' dir='ltr'><strong><em>Ίραχιι</em></strong></span> <span class='ocrx_word' id='word_1_283' title='bbox 303 2189 510 2233; x_wconf 64' lang='grc' dir='ltr'><em>κιϋουμένη</em></span> <span class='ocrx_word' id='word_1_284' title='bbox 574 2183 769 2233; x_wconf 76' lang='grc' dir='ltr'>πρότερον,</span> 
     </span>
     <span class='ocr_line' id='line_1_45' title="bbox 95 2232 769 2285; baseline 0 -19"><span class='ocrx_word' id='word_1_285' title='bbox 95 2232 411 2285; x_wconf 79' lang='grc' dir='ltr'><em>Λακεδαιμονιων</em></span> <span class='ocrx_word' id='word_1_286' title='bbox 449 2236 606 2278; x_wconf 82' lang='grc' dir='ltr'>κτίσμα,</span> <span class='ocrx_word' id='word_1_287' title='bbox 657 2233 769 2276; x_wconf 68' lang='grc' dir='ltr'><em>διέχει</em></span> 
     </span>
     <span class='ocr_line' id='line_1_46' title="bbox 97 2275 772 2325; baseline 0.001 -14"><span class='ocrx_word' id='word_1_288' title='bbox 97 2279 156 2318; x_wconf 69' lang='grc' dir='ltr'><strong>τῆς</strong></span> <span class='ocrx_word' id='word_1_289' title='bbox 194 2275 348 2322; x_wconf 80' lang='grc' dir='ltr'><em>ἀρχαίας</em></span> <span class='ocrx_word' id='word_1_290' title='bbox 393 2281 571 2325; x_wconf 75' lang='grc' dir='ltr'><strong>Τραχῖιος</strong></span> <span class='ocrx_word' id='word_1_291' title='bbox 608 2279 690 2323; x_wconf 77' lang='grc' dir='ltr'><em>περὶ</em></span> <span class='ocrx_word' id='word_1_292' title='bbox 735 2278 772 2317; x_wconf 79' lang='grc' dir='ltr'><strong>ἓξ</strong></span> 
     </span>
     <span class='ocr_line' id='line_1_47' title="bbox 97 2323 768 2366; baseline -0.001 -8"><span class='ocrx_word' id='word_1_293' title='bbox 97 2324 282 2363; x_wconf 76' lang='grc' dir='ltr'>σταδίοις,</span> <span class='ocrx_word' id='word_1_294' title='bbox 306 2323 454 2356; x_wconf 68' lang='grc' dir='ltr'>Τὴυωά.</span> <span class='ocrx_word' id='word_1_295' title='bbox 480 2326 511 2364; x_wconf 89' lang='grc'>3,</span> <span class='ocrx_word' id='word_1_296' title='bbox 538 2326 590 2358; x_wconf 88' lang='grc'><strong>92.</strong></span> <span class='ocrx_word' id='word_1_297' title='bbox 617 2336 768 2366; x_wconf 80' lang='lat' dir='ltr'><strong>—equo,</strong></span> 
     </span>
     <span class='ocr_line' id='line_1_48' title="bbox 95 2370 770 2412; baseline 0.002 -10"><span class='ocrx_word' id='word_1_298' title='bbox 95 2371 234 2409; x_wconf 85' lang='grc'>34,15,</span> <span class='ocrx_word' id='word_1_299' title='bbox 259 2371 360 2401; x_wconf 89' lang='grc'><strong>3.-</strong></span> <span class='ocrx_word' id='word_1_300' title='bbox 391 2373 425 2401; x_wconf 73' lang='lat' dir='ltr'><strong>in</strong></span> <span class='ocrx_word' id='word_1_301' title='bbox 450 2381 567 2410; x_wconf 78' lang='lat' dir='ltr'><strong>campo,</strong></span> <span class='ocrx_word' id='word_1_302' title='bbox 595 2370 712 2401; x_wconf 70' lang='lat' dir='ltr'><strong>Herod.</strong></span> <span class='ocrx_word' id='word_1_303' title='bbox 740 2373 770 2412; x_wconf 90' lang='lat'><strong>7,</strong></span> 
     </span>
     <span class='ocr_line' id='line_1_49' title="bbox 99 2413 770 2467; baseline 0 -19"><span class='ocrx_word' id='word_1_304' title='bbox 99 2416 180 2449; x_wconf 90' lang='grc'>199.</span> <span class='ocrx_word' id='word_1_305' title='bbox 224 2417 364 2467; x_wconf 77' lang='grc' dir='ltr'><em>Τρηχὶς</em></span> <span class='ocrx_word' id='word_1_306' title='bbox 395 2414 435 2448; x_wconf 71' lang='grc' dir='ltr'><strong>δὲ</strong></span> <span class='ocrx_word' id='word_1_307' title='bbox 470 2413 575 2452; x_wconf 76' lang='grc' dir='ltr'><em>πόλις</em></span> <span class='ocrx_word' id='word_1_308' title='bbox 600 2413 675 2448; x_wconf 72' lang='grc' dir='ltr'><strong>ἀπὸ</strong></span> <span class='ocrx_word' id='word_1_309' title='bbox 703 2417 770 2449; x_wconf 85' lang='grc' dir='ltr'><strong>τοῦ</strong></span> 
     </span>
     <span class='ocr_line' id='line_1_50' title="bbox 97 2457 769 2513; baseline 0.001 -19"><span class='ocrx_word' id='word_1_310' title='bbox 97 2463 272 2499; x_wconf 75' lang='grc' dir='ltr'><strong>Μέλανος</strong></span> <span class='ocrx_word' id='word_1_311' title='bbox 299 2457 431 2494; x_wconf 79' lang='grc' dir='ltr'>τούτου</span> <span class='ocrx_word' id='word_1_312' title='bbox 461 2462 637 2513; x_wconf 80' lang='grc' dir='ltr'><em>ποταμοῦ</em></span> <span class='ocrx_word' id='word_1_313' title='bbox 660 2472 769 2495; x_wconf 76' lang='grc' dir='ltr'><em>πειτε</em></span> 
     </span>
     <span class='ocr_line' id='line_1_51' title="bbox 98 2503 768 2558; baseline 0.001 -20"><span class='ocrx_word' id='word_1_314' title='bbox 98 2503 232 2540; x_wconf 74' lang='grc' dir='ltr'><em>στάδια</em></span> <span class='ocrx_word' id='word_1_315' title='bbox 264 2503 413 2558; x_wconf 75' lang='grc' dir='ltr'>ἀπέχει.</span> <span class='ocrx_word' id='word_1_316' title='bbox 466 2519 574 2556; x_wconf 55' lang='grc' dir='ltr'><em>ζαυτῃ</em></span> <span class='ocrx_word' id='word_1_317' title='bbox 617 2505 657 2540; x_wconf 67' lang='grc' dir='ltr'><strong>δὲ</strong></span> <span class='ocrx_word' id='word_1_318' title='bbox 708 2508 768 2540; x_wconf 80' lang='grc' dir='ltr'><strong>καὶ</strong></span> 
     </span>
     <span class='ocr_line' id='line_1_52' title="bbox 96 2548 770 2599; baseline 0.001 -14"><span class='ocrx_word' id='word_1_319' title='bbox 96 2548 296 2598; x_wconf 76' lang='grc' dir='ltr'><em>εὐρύτατόν</em></span> <span class='ocrx_word' id='word_1_320' title='bbox 320 2553 392 2586; x_wconf 76' lang='grc' dir='ltr'><em>ἐστι</em></span> <span class='ocrx_word' id='word_1_321' title='bbox 426 2549 547 2594; x_wconf 80' lang='grc' dir='ltr'><em>πάσης</em></span> <span class='ocrx_word' id='word_1_322' title='bbox 570 2552 631 2594; x_wconf 85' lang='grc' dir='ltr'><strong>τῆς</strong></span> <span class='ocrx_word' id='word_1_323' title='bbox 649 2548 770 2599; x_wconf 71' lang='grc' dir='ltr'><em>χώρης</em></span> 
     </span>
    </p>
   </div>
   <div class='ocr_carea' id='block_1_18' title="bbox 834 1137 1517 2596">
    <p class='ocr_par' dir='ltr' id='par_1_18' title="bbox 834 1137 1517 2596">
     <span class='ocr_line' id='line_1_53' title="bbox 837 1137 1513 1185; baseline -0.001 -13"><span class='ocrx_word' id='word_1_324' title='bbox 837 1137 978 1180; x_wconf 76' lang='grc' dir='ltr'>ταύτης.</span> <span class='ocrx_word' id='word_1_325' title='bbox 1013 1157 1058 1163; x_wconf 92' lang='lat'>—</span> <span class='ocrx_word' id='word_1_326' title='bbox 1089 1137 1254 1183; x_wconf 66' lang='grc' dir='ltr'><strong>δισχίλιά</strong></span> <span class='ocrx_word' id='word_1_327' title='bbox 1287 1150 1325 1173; x_wconf 81' lang='grc' dir='ltr'><strong>τε</strong></span> <span class='ocrx_word' id='word_1_328' title='bbox 1356 1138 1429 1185; x_wconf 55' lang='grc' dir='ltr'><strong>ᾳὰρ</strong></span> <span class='ocrx_word' id='word_1_329' title='bbox 1454 1141 1513 1173; x_wconf 79' lang='grc' dir='ltr'><strong>καὶ</strong></span> 
     </span>
     <span class='ocr_line' id='line_1_54' title="bbox 838 1182 1514 1233; baseline 0 -15"><span class='ocrx_word' id='word_1_330' title='bbox 838 1182 1016 1233; x_wconf 81' lang='grc' dir='ltr'><em>δισμιρια</em></span> <span class='ocrx_word' id='word_1_331' title='bbox 1063 1186 1207 1231; x_wconf 72' lang='grc' dir='ltr'>πλέθοα</span> <span class='ocrx_word' id='word_1_332' title='bbox 1260 1186 1328 1218; x_wconf 85' lang='grc' dir='ltr'><strong>τοῦ</strong></span> <span class='ocrx_word' id='word_1_333' title='bbox 1381 1184 1514 1219; x_wconf 76' lang='grc' dir='ltr'><strong>πεδίου</strong></span> 
     </span>
     <span class='ocr_line' id='line_1_55' title="bbox 839 1229 1514 1282; baseline 0.003 -20"><span class='ocrx_word' id='word_1_334' title='bbox 839 1229 925 1263; x_wconf 69' lang='grc' dir='ltr'>ἐστί.</span> <span class='ocrx_word' id='word_1_335' title='bbox 951 1250 994 1254; x_wconf 90' lang='lat'><strong>——</strong></span> <span class='ocrx_word' id='word_1_336' title='bbox 1021 1234 1085 1263; x_wconf 79' lang='lat' dir='ltr'><strong>loco</strong></span> <span class='ocrx_word' id='word_1_337' title='bbox 1112 1242 1152 1273; x_wconf 80' lang='grc' dir='ltr'><strong>α.,</strong></span> <span class='ocrx_word' id='word_1_338' title='bbox 1180 1230 1243 1262; x_wconf 62' lang='lat' dir='ltr'><strong>uie</strong></span> <span class='ocrx_word' id='word_1_339' title='bbox 1277 1232 1330 1271; x_wconf 86' lang='lat'><strong>32,</strong></span> <span class='ocrx_word' id='word_1_340' title='bbox 1356 1233 1388 1270; x_wconf 87' lang='lat'><strong>4,</strong></span> <span class='ocrx_word' id='word_1_341' title='bbox 1415 1232 1445 1282; x_wconf 90' lang='grc'><strong>3.</strong></span> <span class='ocrx_word' id='word_1_342' title='bbox 1478 1249 1514 1254; x_wconf 82' lang='grc'>-</span> 
     </span>
     <span class='ocr_line' id='line_1_56' title="bbox 837 1275 1516 1329; baseline 0.001 -21"><span class='ocrx_word' id='word_1_343' title='bbox 837 1279 956 1317; x_wconf 81' lang='lat' dir='ltr'><strong>Asopo,</strong></span> <span class='ocrx_word' id='word_1_344' title='bbox 985 1277 1102 1309; x_wconf 85' lang='lat' dir='ltr'><strong>Herod.</strong></span> <span class='ocrx_word' id='word_1_345' title='bbox 1131 1275 1362 1309; x_wconf 64' lang='grc' dir='ltr'>1.1..τοῦδὲ</span> <span class='ocrx_word' id='word_1_346' title='bbox 1389 1288 1516 1329; x_wconf 74' lang='grc' dir='ltr'>ουρεος</span> 
     </span>
     <span class='ocr_line' id='line_1_57' title="bbox 837 1321 1516 1378; baseline 0 -23"><span class='ocrx_word' id='word_1_347' title='bbox 837 1340 882 1345; x_wconf 92' lang='lat'><strong>-—</strong></span> <span class='ocrx_word' id='word_1_348' title='bbox 923 1322 997 1356; x_wconf 80' lang='grc' dir='ltr'>ἕσιι</span> <span class='ocrx_word' id='word_1_349' title='bbox 1030 1321 1197 1367; x_wconf 75' lang='grc' dir='ltr'><em>διασφὰξ</em></span> <span class='ocrx_word' id='word_1_350' title='bbox 1241 1322 1378 1364; x_wconf 59' lang='lat' dir='ltr'><strong>(hiatus)</strong></span> <span class='ocrx_word' id='word_1_351' title='bbox 1422 1322 1516 1378; x_wconf 77' lang='grc' dir='ltr'><em>πρὸς</em></span> 
     </span>
     <span class='ocr_line' id='line_1_58' title="bbox 837 1367 1515 1421; baseline 0 -20"><span class='ocrx_word' id='word_1_352' title='bbox 837 1370 1145 1419; x_wconf 43' lang='grc' dir='ltr'><strong>μ-,Ιεσαιιβριηι</strong></span> <span class='ocrx_word' id='word_1_353' title='bbox 1162 1370 1363 1421; x_wconf 79' lang='grc' dir='ltr'>Τοηχῖνος,</span> <span class='ocrx_word' id='word_1_354' title='bbox 1391 1367 1515 1401; x_wconf 66' lang='grc' dir='ltr'><em>διὰδὲ</em></span> 
     </span>
     <span class='ocr_line' id='line_1_59' title="bbox 837 1409 1516 1467; baseline 0.001 -22"><span class='ocrx_word' id='word_1_355' title='bbox 837 1425 900 1454; x_wconf 85' lang='grc' dir='ltr'><strong>της</strong></span> <span class='ocrx_word' id='word_1_356' title='bbox 927 1409 1137 1467; x_wconf 73' lang='grc' dir='ltr'><em>διασφάγος</em></span> <span class='ocrx_word' id='word_1_357' title='bbox 1158 1409 1321 1451; x_wconf 80' lang='grc' dir='ltr'><em>Ἀσωπὸς</em></span> <span class='ocrx_word' id='word_1_358' title='bbox 1344 1413 1516 1459; x_wconf 84' lang='grc' dir='ltr'>ποταμὸς</span> 
     </span>
     <span class='ocr_line' id='line_1_60' title="bbox 839 1456 1517 1512; baseline 0 -20"><span class='ocrx_word' id='word_1_359' title='bbox 839 1458 907 1512; x_wconf 76' lang='grc' dir='ltr'><strong><em>ῥέει</em></strong></span> <span class='ocrx_word' id='word_1_360' title='bbox 963 1457 1066 1502; x_wconf 76' lang='grc' dir='ltr'><em>παρὰ</em></span> <span class='ocrx_word' id='word_1_361' title='bbox 1115 1459 1181 1500; x_wconf 84' lang='grc' dir='ltr'><strong>τὴν</strong></span> <span class='ocrx_word' id='word_1_362' title='bbox 1236 1456 1404 1501; x_wconf 71' lang='grc' dir='ltr'><strong>ὑπωοέηι</strong></span> <span class='ocrx_word' id='word_1_363' title='bbox 1451 1461 1517 1492; x_wconf 79' lang='grc' dir='ltr'><strong>τοῦ</strong></span> 
     </span>
     <span class='ocr_line' id='line_1_61' title="bbox 839 1501 1515 1547; baseline -0.001 -10"><span class='ocrx_word' id='word_1_364' title='bbox 839 1501 974 1547; x_wconf 72' lang='grc' dir='ltr'>οὔρεος.</span> <span class='ocrx_word' id='word_1_365' title='bbox 993 1522 1036 1527; x_wconf 92' lang='grc'><strong>-</strong></span> <span class='ocrx_word' id='word_1_366' title='bbox 1054 1511 1083 1537; x_wconf 67' lang='lat' dir='ltr'><strong>et</strong></span> <span class='ocrx_word' id='word_1_367' title='bbox 1099 1517 1220 1547; x_wconf 58' lang='lat' dir='ltr'><strong>pyum„</strong></span> <span class='ocrx_word' id='word_1_368' title='bbox 1235 1515 1350 1536; x_wconf 87' lang='lat' dir='ltr'><strong>ausse1</strong></span> <span class='ocrx_word' id='word_1_369' title='bbox 1373 1504 1515 1537; x_wconf 83' lang='lat' dir='ltr'><strong>anderen</strong></span> 
     </span>
     <span class='ocr_line' id='line_1_62' title="bbox 839 1530 1516 1589; baseline 0.006 -8"><span class='ocrx_word' id='word_1_370' title='bbox 839 1549 1027 1582; x_wconf 78' lang='lat' dir='ltr'><strong>Geb‘auden.</strong></span> <span class='ocrx_word' id='word_1_371' title='bbox 1059 1569 1099 1572; x_wconf 95' lang='lat'>—</span> <span class='ocrx_word' id='word_1_372' title='bbox 1128 1530 1246 1587; x_wconf 32' lang='lat' dir='ltr'><strong>r&#39;ssaleq</strong></span> <span class='ocrx_word' id='word_1_373' title='bbox 1280 1561 1307 1582; x_wconf 83' lang='lat' dir='ltr'><strong>e.</strong></span> <span class='ocrx_word' id='word_1_374' title='bbox 1338 1552 1388 1589; x_wconf 75' lang='lat'><strong>17,</strong></span> <span class='ocrx_word' id='word_1_375' title='bbox 1420 1552 1445 1584; x_wconf 94' lang='grc'><strong>1.</strong></span> <span class='ocrx_word' id='word_1_376' title='bbox 1473 1568 1516 1574; x_wconf 91' lang='grc'>-</span> 
     </span>
     <span class='ocr_line' id='line_1_63' title="bbox 837 1596 1516 1634; baseline 0.001 -7"><span class='ocrx_word' id='word_1_377' title='bbox 837 1598 875 1627; x_wconf 80' lang='lat' dir='ltr'><strong>ab</strong></span> <span class='ocrx_word' id='word_1_378' title='bbox 915 1607 987 1628; x_wconf 77' lang='lat' dir='ltr'><strong>arce</strong></span> <span class='ocrx_word' id='word_1_379' title='bbox 1028 1600 1102 1634; x_wconf 64' lang='lat' dir='ltr'><strong>etc„</strong></span> <span class='ocrx_word' id='word_1_380' title='bbox 1136 1596 1187 1628; x_wconf 89' lang='lat' dir='ltr'><strong>die</strong></span> <span class='ocrx_word' id='word_1_381' title='bbox 1225 1596 1329 1628; x_wconf 83' lang='lat' dir='ltr'><strong>Stelle</strong></span> <span class='ocrx_word' id='word_1_382' title='bbox 1363 1596 1408 1627; x_wconf 82' lang='lat' dir='ltr'><strong>ist</strong></span> <span class='ocrx_word' id='word_1_383' title='bbox 1439 1597 1516 1628; x_wconf 87' lang='lat' dir='ltr'><strong>sehr</strong></span> 
     </span>
     <span class='ocr_line' id='line_1_64' title="bbox 838 1641 1517 1681; baseline 0.003 -9"><span class='ocrx_word' id='word_1_384' title='bbox 838 1641 1002 1681; x_wconf 81' lang='lat' dir='ltr'><strong>unsicher,</strong></span> <span class='ocrx_word' id='word_1_385' title='bbox 1031 1642 1071 1673; x_wconf 83' lang='lat' dir='ltr'><strong>da</strong></span> <span class='ocrx_word' id='word_1_386' title='bbox 1101 1641 1152 1674; x_wconf 88' lang='lat' dir='ltr'><strong>die</strong></span> <span class='ocrx_word' id='word_1_387' title='bbox 1188 1641 1325 1674; x_wconf 83' lang='lat' dir='ltr'><strong>meisten</strong></span> <span class='ocrx_word' id='word_1_388' title='bbox 1358 1641 1429 1673; x_wconf 83' lang='lat' dir='ltr'><strong>Hss.</strong></span> <span class='ocrx_word' id='word_1_389' title='bbox 1456 1653 1517 1674; x_wconf 90' lang='lat' dir='ltr'><strong>nur</strong></span> 
     </span>
     <span class='ocr_line' id='line_1_65' title="bbox 834 1687 1515 1729; baseline 0 -11"><span class='ocrx_word' id='word_1_390' title='bbox 834 1690 1018 1726; x_wconf 70' lang='lat' dir='ltr'><strong>praeposuit</strong></span> <span class='ocrx_word' id='word_1_391' title='bbox 1029 1689 1240 1729; x_wconf 73' lang='lat' dir='ltr'><strong>frequentius</strong></span> <span class='ocrx_word' id='word_1_392' title='bbox 1255 1691 1317 1719; x_wconf 80' lang='lat' dir='ltr'><strong>ete.</strong></span> <span class='ocrx_word' id='word_1_393' title='bbox 1335 1687 1452 1726; x_wconf 87' lang='lat' dir='ltr'><strong>haben,</strong></span> <span class='ocrx_word' id='word_1_394' title='bbox 1463 1687 1515 1719; x_wconf 87' lang='lat' dir='ltr'><strong>die</strong></span> 
     </span>
     <span class='ocr_line' id='line_1_66' title="bbox 839 1732 1516 1774; baseline 0.003 -10"><span class='ocrx_word' id='word_1_395' title='bbox 839 1732 871 1764; x_wconf 88' lang='lat' dir='ltr'><strong>M</strong></span> <span class='ocrx_word' id='word_1_396' title='bbox 875 1743 901 1764; x_wconf 93' lang='lat' dir='ltr'><strong>z.</strong></span> <span class='ocrx_word' id='word_1_397' title='bbox 905 1735 1093 1772; x_wconf 76' lang='lat' dir='ltr'><strong>praeposuit</strong></span> <span class='ocrx_word' id='word_1_398' title='bbox 1100 1745 1202 1765; x_wconf 74' lang='lat' dir='ltr'><strong>arcem</strong></span> <span class='ocrx_word' id='word_1_399' title='bbox 1210 1744 1299 1766; x_wconf 69' lang='lat' dir='ltr'><strong>extra</strong></span> <span class='ocrx_word' id='word_1_400' title='bbox 1307 1744 1415 1765; x_wconf 76' lang='lat' dir='ltr'><strong>muros</strong></span> <span class='ocrx_word' id='word_1_401' title='bbox 1424 1744 1516 1774; x_wconf 82' lang='lat' dir='ltr'><strong>quae,</strong></span> 
     </span>
     <span class='ocr_line' id='line_1_67' title="bbox 839 1778 1515 1821; baseline 0.003 -13"><span class='ocrx_word' id='word_1_402' title='bbox 839 1788 909 1810; x_wconf 75' lang='lat' dir='ltr'><strong>was</strong></span> <span class='ocrx_word' id='word_1_403' title='bbox 945 1778 1037 1810; x_wconf 82' lang='lat' dir='ltr'><strong>nieht</strong></span> <span class='ocrx_word' id='word_1_404' title='bbox 1071 1779 1196 1820; x_wconf 77' lang='lat' dir='ltr'><strong>riehtig</strong></span> <span class='ocrx_word' id='word_1_405' title='bbox 1230 1778 1300 1811; x_wconf 85' lang='lat' dir='ltr'><strong>sein</strong></span> <span class='ocrx_word' id='word_1_406' title='bbox 1334 1778 1434 1821; x_wconf 83' lang='lat' dir='ltr'><strong>kann,</strong></span> <span class='ocrx_word' id='word_1_407' title='bbox 1459 1789 1515 1810; x_wconf 87' lang='lat' dir='ltr'><strong>so-</strong></span> 
     </span>
     <span class='ocr_line' id='line_1_68' title="bbox 838 1823 1515 1865; baseline 0.009 -12"><span class='ocrx_word' id='word_1_408' title='bbox 838 1823 905 1854; x_wconf 64' lang='lat' dir='ltr'><strong>wol</strong></span> <span class='ocrx_word' id='word_1_409' title='bbox 930 1835 954 1854; x_wconf 66' lang='lat' dir='ltr'><strong>u</strong></span> <span class='ocrx_word' id='word_1_410' title='bbox 964 1834 1046 1865; x_wconf 81' lang='lat' dir='ltr'><strong>egen</strong></span> <span class='ocrx_word' id='word_1_411' title='bbox 1059 1831 1149 1857; x_wconf 71' lang='lat' dir='ltr'><strong>extra</strong></span> <span class='ocrx_word' id='word_1_412' title='bbox 1165 1836 1284 1863; x_wconf 65' lang='lat' dir='ltr'><strong>oum-os,</strong></span> <span class='ocrx_word' id='word_1_413' title='bbox 1314 1823 1380 1865; x_wconf 76' lang='lat' dir='ltr'><strong>vgl.</strong></span> <span class='ocrx_word' id='word_1_414' title='bbox 1406 1834 1433 1856; x_wconf 82' lang='lat' dir='ltr'><strong>e.</strong></span> <span class='ocrx_word' id='word_1_415' title='bbox 1460 1826 1515 1864; x_wconf 76' lang='lat'><strong>24,</strong></span> 
     </span>
     <span class='ocr_line' id='line_1_69' title="bbox 839 1868 1517 1912; baseline -0.001 -10"><span class='ocrx_word' id='word_1_416' title='bbox 839 1871 871 1908; x_wconf 89' lang='lat'><strong>4,</strong></span> <span class='ocrx_word' id='word_1_417' title='bbox 897 1869 962 1901; x_wconf 89' lang='lat' dir='ltr'><strong>und</strong></span> <span class='ocrx_word' id='word_1_418' title='bbox 999 1871 1055 1902; x_wconf 85' lang='lat' dir='ltr'><strong>des</strong></span> <span class='ocrx_word' id='word_1_419' title='bbox 1091 1870 1250 1912; x_wconf 76' lang='lat' dir='ltr'><strong>gei-ingen</strong></span> <span class='ocrx_word' id='word_1_420' title='bbox 1277 1868 1432 1911; x_wconf 82' lang='lat' dir='ltr'><strong>Umsangs</strong></span> <span class='ocrx_word' id='word_1_421' title='bbox 1458 1870 1517 1901; x_wconf 86' lang='lat' dir='ltr'><strong>der</strong></span> 
     </span>
     <span class='ocr_line' id='line_1_70' title="bbox 839 1915 1516 1958; baseline 0 -12"><span class='ocrx_word' id='word_1_422' title='bbox 839 1915 927 1956; x_wconf 86' lang='lat' dir='ltr'><strong>Burg</strong></span> <span class='ocrx_word' id='word_1_423' title='bbox 966 1925 993 1947; x_wconf 85' lang='lat' dir='ltr'><strong>e.</strong></span> <span class='ocrx_word' id='word_1_424' title='bbox 1037 1917 1090 1955; x_wconf 84' lang='lat'><strong>24,</strong></span> <span class='ocrx_word' id='word_1_425' title='bbox 1137 1918 1187 1958; x_wconf 92' lang='grc'><strong>11,</strong></span> <span class='ocrx_word' id='word_1_426' title='bbox 1227 1915 1276 1947; x_wconf 85' lang='lat' dir='ltr'><strong>als</strong></span> <span class='ocrx_word' id='word_1_427' title='bbox 1313 1915 1397 1947; x_wconf 83' lang='lat' dir='ltr'><strong>auch</strong></span> <span class='ocrx_word' id='word_1_428' title='bbox 1439 1915 1516 1947; x_wconf 82' lang='lat' dir='ltr'><strong>weil</strong></span> 
     </span>
     <span class='ocr_line' id='line_1_71' title="bbox 839 1960 1517 2003; baseline 0 -11"><span class='ocrx_word' id='word_1_429' title='bbox 839 1960 1050 2003; x_wconf 86' lang='lat' dir='ltr'><strong>Sempronius</strong></span> <span class='ocrx_word' id='word_1_430' title='bbox 1075 1961 1166 1993; x_wconf 84' lang='lat' dir='ltr'><strong>nieht</strong></span> <span class='ocrx_word' id='word_1_431' title='bbox 1197 1961 1249 1993; x_wconf 90' lang='lat' dir='ltr'><strong>die</strong></span> <span class='ocrx_word' id='word_1_432' title='bbox 1281 1960 1432 2002; x_wconf 83' lang='lat' dir='ltr'><strong>Aufgabe</strong></span> <span class='ocrx_word' id='word_1_433' title='bbox 1457 1962 1517 1992; x_wconf 84' lang='lat' dir='ltr'><strong>hat</strong></span> 
     </span>
     <span class='ocr_line' id='line_1_72' title="bbox 839 2006 1514 2048; baseline 0.003 -10"><span class='ocrx_word' id='word_1_434' title='bbox 839 2006 891 2038; x_wconf 85' lang='lat' dir='ltr'><strong>die</strong></span> <span class='ocrx_word' id='word_1_435' title='bbox 925 2007 1012 2048; x_wconf 82' lang='lat' dir='ltr'><strong>Burg</strong></span> <span class='ocrx_word' id='word_1_436' title='bbox 1044 2017 1084 2038; x_wconf 89' lang='lat' dir='ltr'><strong>zu</strong></span> <span class='ocrx_word' id='word_1_437' title='bbox 1118 2007 1315 2048; x_wconf 84' lang='lat' dir='ltr'><strong>bestiirmen,</strong></span> <span class='ocrx_word' id='word_1_438' title='bbox 1347 2017 1372 2038; x_wconf 91' lang='grc'><strong>5.</strong></span> <span class='ocrx_word' id='word_1_439' title='bbox 1404 2017 1432 2038; x_wconf 83' lang='lat' dir='ltr'><strong>c.</strong></span> <span class='ocrx_word' id='word_1_440' title='bbox 1461 2008 1514 2045; x_wconf 75' lang='lat'><strong>24,</strong></span> 
     </span>
     <span class='ocr_line' id='line_1_73' title="bbox 840 2052 1516 2093; baseline -0.001 -9"><span class='ocrx_word' id='word_1_441' title='bbox 840 2053 879 2092; x_wconf 79' lang='lat'><strong>23</strong></span> <span class='ocrx_word' id='word_1_442' title='bbox 907 2052 950 2084; x_wconf 91' lang='lat' dir='ltr'><strong>ib.</strong></span> <span class='ocrx_word' id='word_1_443' title='bbox 977 2055 996 2086; x_wconf 82' lang='lat'><strong>5</strong></span> <span class='ocrx_word' id='word_1_444' title='bbox 1017 2052 1060 2089; x_wconf 83' lang='lat' dir='ltr'><strong>ff.,</strong></span> <span class='ocrx_word' id='word_1_445' title='bbox 1090 2053 1168 2084; x_wconf 88' lang='lat' dir='ltr'><strong>oder</strong></span> <span class='ocrx_word' id='word_1_446' title='bbox 1203 2053 1302 2085; x_wconf 86' lang='lat' dir='ltr'><strong>deren</strong></span> <span class='ocrx_word' id='word_1_447' title='bbox 1329 2052 1516 2093; x_wconf 86' lang='lat' dir='ltr'><strong>Besatzung</strong></span> 
     </span>
     <span class='ocr_line' id='line_1_74' title="bbox 839 2097 1515 2139; baseline 0.001 -11"><span class='ocrx_word' id='word_1_448' title='bbox 839 2108 880 2129; x_wconf 92' lang='lat' dir='ltr'><strong>zu</strong></span> <span class='ocrx_word' id='word_1_449' title='bbox 912 2098 1128 2139; x_wconf 77' lang='lat' dir='ltr'><strong>beobachten,</strong></span> <span class='ocrx_word' id='word_1_450' title='bbox 1164 2108 1232 2129; x_wconf 68' lang='lat' dir='ltr'><strong>wox</strong></span> <span class='ocrx_word' id='word_1_451' title='bbox 1244 2109 1284 2129; x_wconf 89' lang='lat'><strong>011</strong></span> <span class='ocrx_word' id='word_1_452' title='bbox 1317 2097 1389 2129; x_wconf 89' lang='lat' dir='ltr'><strong>sich</strong></span> <span class='ocrx_word' id='word_1_453' title='bbox 1419 2097 1515 2129; x_wconf 89' lang='lat' dir='ltr'><strong>keine</strong></span> 
     </span>
     <span class='ocr_line' id='line_1_75' title="bbox 839 2142 1516 2185; baseline -0.001 -10"><span class='ocrx_word' id='word_1_454' title='bbox 839 2142 1038 2185; x_wconf 80' lang='lat' dir='ltr'><strong>Andeutung</strong></span> <span class='ocrx_word' id='word_1_455' title='bbox 1087 2144 1206 2184; x_wconf 86' lang='lat' dir='ltr'><strong>findet,</strong></span> <span class='ocrx_word' id='word_1_456' title='bbox 1254 2144 1395 2175; x_wconf 87' lang='lat' dir='ltr'><strong>sondern</strong></span> <span class='ocrx_word' id='word_1_457' title='bbox 1444 2143 1516 2175; x_wconf 85' lang='lat' dir='ltr'><strong>sich</strong></span> 
     </span>
     <span class='ocr_line' id='line_1_76' title="bbox 839 2188 1515 2230; baseline 0 -10"><span class='ocrx_word' id='word_1_458' title='bbox 839 2189 936 2230; x_wconf 82' lang='lat' dir='ltr'><strong>ruhig</strong></span> <span class='ocrx_word' id='word_1_459' title='bbox 971 2200 1010 2221; x_wconf 92' lang='lat' dir='ltr'><strong>zu</strong></span> <span class='ocrx_word' id='word_1_460' title='bbox 1043 2189 1230 2226; x_wconf 85' lang='lat' dir='ltr'><strong>verbalten,</strong></span> <span class='ocrx_word' id='word_1_461' title='bbox 1274 2188 1323 2220; x_wconf 91' lang='lat' dir='ltr'><strong>bis</strong></span> <span class='ocrx_word' id='word_1_462' title='bbox 1355 2189 1425 2220; x_wconf 89' lang='lat' dir='ltr'><strong>sich</strong></span> <span class='ocrx_word' id='word_1_463' title='bbox 1463 2188 1515 2220; x_wconf 84' lang='lat' dir='ltr'><strong>die</strong></span> 
     </span>
     <span class='ocr_line' id='line_1_77' title="bbox 838 2234 1516 2267; baseline -0.001 -1"><span class='ocrx_word' id='word_1_464' title='bbox 838 2234 977 2266; x_wconf 86' lang='lat' dir='ltr'><strong>Aetoler</strong></span> <span class='ocrx_word' id='word_1_465' title='bbox 993 2234 1054 2266; x_wconf 87' lang='lat' dir='ltr'><strong>auf</strong></span> <span class='ocrx_word' id='word_1_466' title='bbox 1068 2234 1119 2266; x_wconf 84' lang='lat' dir='ltr'><strong>die</strong></span> <span class='ocrx_word' id='word_1_467' title='bbox 1133 2234 1307 2267; x_wconf 81' lang='lat' dir='ltr'><strong>seheinbar</strong></span> <span class='ocrx_word' id='word_1_468' title='bbox 1334 2234 1516 2266; x_wconf 82' lang='lat' dir='ltr'><strong>bedrohten</strong></span> 
     </span>
     <span class='ocr_line' id='line_1_78' title="bbox 839 2279 1514 2320; baseline 0 -9"><span class='ocrx_word' id='word_1_469' title='bbox 839 2279 968 2312; x_wconf 86' lang='lat' dir='ltr'><strong>Puukte</strong></span> <span class='ocrx_word' id='word_1_470' title='bbox 1002 2284 1168 2312; x_wconf 82' lang='lat' dir='ltr'><strong>zerstreut</strong></span> <span class='ocrx_word' id='word_1_471' title='bbox 1202 2280 1319 2320; x_wconf 83' lang='lat' dir='ltr'><strong>haben,</strong></span> <span class='ocrx_word' id='word_1_472' title='bbox 1359 2280 1462 2312; x_wconf 86' lang='lat' dir='ltr'><strong>daher</strong></span> <span class='ocrx_word' id='word_1_473' title='bbox 1487 2289 1514 2311; x_wconf 85' lang='lat' dir='ltr'><strong>c.</strong></span> 
     </span>
     <span class='ocr_line' id='line_1_79' title="bbox 839 2325 1512 2367; baseline 0 -9"><span class='ocrx_word' id='word_1_474' title='bbox 839 2328 892 2367; x_wconf 81' lang='lat'><strong>24,</strong></span> <span class='ocrx_word' id='word_1_475' title='bbox 930 2328 966 2359; x_wconf 90' lang='lat'><strong>5:</strong></span> <span class='ocrx_word' id='word_1_476' title='bbox 999 2337 1099 2367; x_wconf 77' lang='lat' dir='ltr'><strong>neque</strong></span> <span class='ocrx_word' id='word_1_477' title='bbox 1129 2344 1171 2349; x_wconf 90' lang='lat'>—</span> <span class='ocrx_word' id='word_1_478' title='bbox 1206 2328 1328 2363; x_wconf 75' lang='lat' dir='ltr'><strong>aderat,</strong></span> <span class='ocrx_word' id='word_1_479' title='bbox 1361 2325 1426 2357; x_wconf 76' lang='lat' dir='ltr'><strong>wie</strong></span> <span class='ocrx_word' id='word_1_480' title='bbox 1458 2327 1512 2364; x_wconf 86' lang='lat'><strong>27,</strong></span> 
     </span>
     <span class='ocr_line' id='line_1_80' title="bbox 843 2370 1515 2409; baseline -0.003 -5"><span class='ocrx_word' id='word_1_481' title='bbox 843 2373 894 2409; x_wconf 75' lang='grc'><strong>15,</strong></span> <span class='ocrx_word' id='word_1_482' title='bbox 923 2374 961 2405; x_wconf 84' lang='lat'><strong>14</strong></span> <span class='ocrx_word' id='word_1_483' title='bbox 988 2382 1018 2403; x_wconf 91' lang='lat' dir='ltr'><strong>u.</strong></span> <span class='ocrx_word' id='word_1_484' title='bbox 1045 2382 1075 2403; x_wconf 85' lang='lat' dir='ltr'><strong>a.</strong></span> <span class='ocrx_word' id='word_1_485' title='bbox 1122 2371 1170 2403; x_wconf 84' lang='lat' dir='ltr'><strong>Da</strong></span> <span class='ocrx_word' id='word_1_486' title='bbox 1200 2371 1236 2403; x_wconf 93' lang='lat' dir='ltr'><strong>L.</strong></span> <span class='ocrx_word' id='word_1_487' title='bbox 1270 2370 1330 2403; x_wconf 85' lang='lat' dir='ltr'><strong>auf</strong></span> <span class='ocrx_word' id='word_1_488' title='bbox 1356 2371 1418 2403; x_wconf 85' lang='lat' dir='ltr'><strong>den</strong></span> <span class='ocrx_word' id='word_1_489' title='bbox 1443 2371 1515 2403; x_wconf 89' lang='lat' dir='ltr'><strong>drei</strong></span> 
     </span>
     <span class='ocr_line' id='line_1_81' title="bbox 838 2416 1515 2458; baseline 0.001 -11"><span class='ocrx_word' id='word_1_490' title='bbox 838 2416 983 2448; x_wconf 86' lang='lat' dir='ltr'><strong>anderen</strong></span> <span class='ocrx_word' id='word_1_491' title='bbox 1016 2416 1128 2448; x_wconf 85' lang='lat' dir='ltr'><strong>Seiteu</strong></span> <span class='ocrx_word' id='word_1_492' title='bbox 1166 2416 1217 2449; x_wconf 88' lang='lat' dir='ltr'><strong>die</strong></span> <span class='ocrx_word' id='word_1_493' title='bbox 1249 2416 1416 2458; x_wconf 82' lang='lat' dir='ltr'><strong>Richtung</strong></span> <span class='ocrx_word' id='word_1_494' title='bbox 1454 2427 1515 2448; x_wconf 86' lang='lat' dir='ltr'><strong>an-</strong></span> 
     </span>
     <span class='ocr_line' id='line_1_82' title="bbox 838 2461 1515 2503; baseline 0 -10"><span class='ocrx_word' id='word_1_495' title='bbox 838 2462 939 2503; x_wconf 84' lang='lat' dir='ltr'><strong>giebt.</strong></span> <span class='ocrx_word' id='word_1_496' title='bbox 965 2462 997 2493; x_wconf 86' lang='lat' dir='ltr'><strong>in</strong></span> <span class='ocrx_word' id='word_1_497' title='bbox 1022 2462 1166 2495; x_wconf 80' lang='lat' dir='ltr'><strong>welcher</strong></span> <span class='ocrx_word' id='word_1_498' title='bbox 1192 2462 1250 2495; x_wconf 89' lang='lat' dir='ltr'><strong>der</strong></span> <span class='ocrx_word' id='word_1_499' title='bbox 1275 2462 1386 2494; x_wconf 85' lang='lat' dir='ltr'><strong>Sturm</strong></span> <span class='ocrx_word' id='word_1_500' title='bbox 1411 2461 1515 2494; x_wconf 83' lang='lat' dir='ltr'><strong>erfol-</strong></span> 
     </span>
     <span class='ocr_line' id='line_1_83' title="bbox 839 2507 1514 2548; baseline 0 -9"><span class='ocrx_word' id='word_1_501' title='bbox 839 2517 899 2548; x_wconf 85' lang='lat' dir='ltr'><strong>gen</strong></span> <span class='ocrx_word' id='word_1_502' title='bbox 925 2507 1006 2539; x_wconf 88' lang='lat' dir='ltr'><strong>soll:</strong></span> <span class='ocrx_word' id='word_1_503' title='bbox 1034 2510 1071 2540; x_wconf 83' lang='lat' dir='ltr'><strong>ab</strong></span> <span class='ocrx_word' id='word_1_504' title='bbox 1091 2511 1209 2548; x_wconf 70' lang='lat' dir='ltr'><strong>Asopo,</strong></span> <span class='ocrx_word' id='word_1_505' title='bbox 1236 2518 1299 2539; x_wconf 77' lang='lat' dir='ltr'><strong>von</strong></span> <span class='ocrx_word' id='word_1_506' title='bbox 1327 2507 1440 2546; x_wconf 81' lang='lat' dir='ltr'><strong>Osten,</strong></span> <span class='ocrx_word' id='word_1_507' title='bbox 1462 2518 1514 2539; x_wconf 73' lang='lat' dir='ltr'><strong>wo</strong></span> 
     </span>
     <span class='ocr_line' id='line_1_84' title="bbox 838 2552 1517 2596; baseline 0.003 -12"><span class='ocrx_word' id='word_1_508' title='bbox 838 2553 895 2585; x_wconf 85' lang='lat' dir='ltr'><strong>das</strong></span> <span class='ocrx_word' id='word_1_509' title='bbox 926 2552 1082 2596; x_wconf 63' lang='lat' dir='ltr'><strong>Gymnas.</strong></span> <span class='ocrx_word' id='word_1_510' title='bbox 1118 2554 1176 2586; x_wconf 84' lang='lat' dir='ltr'><strong>der</strong></span> <span class='ocrx_word' id='word_1_511' title='bbox 1208 2553 1380 2586; x_wconf 74' lang='lat' dir='ltr'><strong>iistliehste</strong></span> <span class='ocrx_word' id='word_1_512' title='bbox 1406 2552 1517 2586; x_wconf 84' lang='lat' dir='ltr'><strong>Punkt</strong></span> 
     </span>
    </p>
   </div>
  </div>
 </body>
</html>
