1747 2841
63 145 91 165 a.
110 136 163 166 Ch.
183 136 241 163 189.

506 134 629 168 LIBER
646 134 839 169 XXXVIII.
872 133 964 167 (ΞΜ).
985 136 1034 169 14.

1400 131 1484 175 289

65 242 141 281 ulla
162 254 183 281 a
204 241 389 292 Moagete,
410 247 576 291 tyranno
599 238 758 278 civitatis
780 238 874 284 eius,
894 237 1051 276 bomine
1074 235 1121 274 ad
1145 235 1274 274 omnia
1287 235 1407 274 intido
1423 243 1482 275 at-

69 310 145 349 que
172 308 302 348 nnpoi
304 302 413 342 tuno,
439 295 626 334 veniebat.

671 296 717 334 ad
738 293 1006 356 temptandum
1029 292 1111 331 eius
1130 292 1305 331 animum
1328 292 1367 331 C.
1388 292 1523 337 Hel-4

65 355 173 393 vium
194 365 284 392 cum
307 358 489 404 quattuor
512 352 667 390 milibus
691 351 864 402 peditum
891 356 928 389 et
942 349 1160 401 quingentis
1176 348 1370 399 equitibus
1385 360 1482 387 eon-

63 411 124 450 sul
152 409 370 462 praemittit.

423 409 513 447 huie
535 408 679 460 agmini
699 409 775 447 iam
798 407 884 446 finis
906 405 1138 457 ingredienti
1162 405 1273 456 legati
1295 417 1481 443 occurre—

63 473 158 506 runt
176 466 398 505 nuntiantes
422 472 598 516 paratum
621 478 704 503 esse
719 471 929 516 tyiinnuin
941 463 1126 513 impetam
1140 465 1287 508 taem-123
1308 461 1482 508 011,1bant
1502 473 1521 504 5

67 531 108 562 ut
135 528 292 574 pacatus
324 522 412 560 linis
441 522 557 561 iniiet
587 521 862 571 coliibeietque
892 532 912 558 a
942 519 1190 570 populatione
1212 532 1244 557 a
1236 519 1290 569 gii
1312 518 1482 565 militem,

66 587 102 618 et
132 579 173 617 in
205 590 350 618 corona
377 591 492 617 aurea
515 578 739 629 quindecim
765 578 900 616 talenta
921 575 1157 614 adserelsmnt.
1202 575 1359 613 llelvius
1381 574 1482 613 inte—
1500 587 1520 620 6

63 647 154 686 gros
185 648 205 674 a
235 635 485 686 populatione
517 648 628 686 agros
660 640 900 673 servaturum
926 632 1117 684 pollicitus
1138 632 1194 670 ire
1213 631 1259 670 ad
1282 631 1483 670 consulem

61 693 205 743 legatos
237 692 360 731 iussit.

425 691 567 742 quibus
599 691 731 730 eadem
763 689 1022 729 referentibus
1050 688 1186 727 consul
1217 700 1368 738 „neque
1397 688 1479 726 Ro-
1503 696 1522 727 7

63 749 191 787 mani“
219 749 343 799 inquit
368 748 516 794 „bonae
548 747 753 786 voluntatis
785 747 903 785 ullum
932 746 1088 796 signum
1123 757 1211 796 erga
1232 756 1305 783 nos
1328 744 1483 795 tyranni

63 805 264 852 babemus,
294 812 330 844 et
358 806 487 855 ipsum
515 805 626 843 talem
651 816 734 842 esse
755 804 856 841 inter
879 814 1015 841 omnes
1037 809 1198 847 constat,
1228 807 1271 840 ut
1292 801 1338 839 de
1357 812 1484 851 poena

63 862 146 901 eius
177 862 296 913 magis
327 874 443 912 quam
478 861 525 899 tle
551 861 713 899 amicitia
734 860 847 898 nobis
871 858 1118 909 cogitandum
1138 858 1222 897 sit.“
1271 857 1484 908 perturbati
1501 867 1521 901 8

64 919 134 957 hae
154 930 247 957 voce
268 918 378 969 legati
401 918 494 956 nihil
517 917 619 956 aliud
639 923 782 967 petere,
809 928 925 966 quam
950 922 990 953 ut
1012 927 1199 953 coronam
1214 914 1404 964 acciperet
1414 926 1482 952 vo-

63 974 273 1026 niendique
293 975 338 1013 atl
361 987 449 1013 eum
474 981 637 1025 tyranno
659 978 888 1024 potestatem
909 979 946 1010 et
967 971 1117 1022 copiam
1131 971 1317 1022 loquendi
1331 982 1482 1021 aopur-

64 1031 178 1083 gandi
209 1044 249 1070 se
273 1034 426 1069 faceret.
473 1030 667 1081 permissu
690 1029 860 1068 consulis
881 1035 1039 1079 postero
1064 1028 1124 1066 die
1143 1028 1182 1066 in
1204 1034 1326 1066 eastra
1345 1033 1481 1078 tyran·
1500 1039 1520 1071 9

63 1100 138 1126 nus
161 1088 283 1134 venit,
313 1087 471 1126 vestitus
495 1087 778 1137 comitatusque
800 1086 862 1124 vix
885 1085 930 1123 ad
953 1085 1090 1135 privati
1114 1084 1266 1123 modice
1281 1083 1483 1135 locupletis

63 1144 249 1189 habitum,
286 1152 322 1182 et
352 1144 471 1182 oratio
505 1143 577 1182 fuit
609 1143 817 1182 summissa
848 1148 884 1180 et
909 1142 1083 1188 infracta,
1113 1140 1354 1180 extenuantis
1386 1151 1479 1191 opes

61 1213 150 1240 suas
182 1200 418 1251 urbiumque
439 1212 530 1239 suae
552 1200 714 1238 dicionis
736 1205 941 1250 egestatem
964 1198 1173 1248 querentis.

62 1379 121 1412 καὶ
161 1380 223 1420 τῆς
265 1375 405 1431 ὁιιόροι
442 1375 640 1415 vaddog
674 1377 740 1416 ἕως

62 1428 208 1462 Ιυκίας
224 1436 281 1457 και
305 1426 366 1464 τῆς
385 1421 544 1457 Ῥοδίων
564 1427 697 1467 πεοαιά
701 1436 739 1463 ς,·

63 1470 176 1503 Rittcr
216 1472 255 1503 2·
299 1472 384 1503 656ῑ
436 1472 499 1503 792
521 1470 551 1501 ff.
613 1469 739 1512 cib-wa

10 1554 15 1558 ᾗ
62 1516 163 1548 allein
196 1525 260 1547 von
297 1516 358 1547 den
384 1520 571 1555 genauntou
597 1515 738 1546 Stadteu

62 1561 193 1594 seheint
239 1560 334 1593 einen
384 1560 524 1592 Fiirstcu
573 1561 637 1592 und
686 1561 738 1592 ein

63 1609 231 1649 grtisscres
268 1605 387 1638 Gebiet
427 1606 476 1637 als
514 1606 565 1638 die
600 1605 738 1647 iibrigen

62 1652 187 1694 gehabt
210 1662 251 1683 zu
264 1651 379 1683 haben.
395 1670 435 1673 —
450 1654 597 1694 stloayet„
622 1651 738 1694 Polyb.

62 1701 118 1739 21,
145 1700 199 1737 34,
217 1697 347 1729 sche'mt
365 1698 457 1729 mehr
477 1697 529 1729 ein
548 1697 739 1728 Amtsname

62 1753 215 1785 gewesen
229 1753 270 1775 zu
283 1742 363 1785 sein,
378 1743 440 1775 deu
457 1744 541 1774 auch
559 1743 617 1775 der
636 1743 739 1774 letzte

61 1789 163 1822 Fiirst
187 1788 309 1829 ffihrte,
338 1799 363 1821 s.
393 1789 513 1825 Smrabo
538 1789 560 1820 1.
595 1788 616 1821 l.
637 1807 679 1810 —
699 1791 742 1820 ad

65 1846 158 1876 omn„
200 1845 225 1866 5.
252 1846 278 1865 e.
308 1836 358 1876 13,
388 1836 437 1875 11,
466 1835 585 1866 ebenso
610 1833 739 1877 Polv.,b

63 1882 210 1922 ‹lagegen
253 1880 390 1912 Strabo:
437 1880 667 1935 ἐτυραινεῑτο
705 1878 738 1912 δ’

63 1924 131 1966 (zet,
159 1924 308 1971 σωφρόϊ
311 1938 356 1961 ως
381 1922 412 1959 ὃ
440 1924 549 1970 &pt-wg-
567 1944 610 1948 —-
630 1928 732 1966 ΗΘΜ,

64 1972 104 2003 ob
133 1982 166 2004 es
194 1971 252 2003 der
269 1973 322 2011 32,
349 1973 387 2012 73
413 1973 454 2005 26
473 1975 636 2013 genannte
656 1982 738 2011 war,

63 2018 148 2050 I‘asst
180 2016 251 2048 sich
276 2016 366 2048 nieht
391 2017 566 2048 elkennen.
598 2034 644 2038 —
676 2020 738 2049 iam

53 2065 90 2106 f.
117 2065 238 2104 inyred.
266 2063 325 2093 hat
350 2073 410 2094 nur
435 2062 487 2094 die
510 2062 572 2094 Mz.
594 2061 660 2099 Hs„
687 2062 739 2094 die

63 2108 201 2150 iibrigen
239 2111 303 2140 iam
326 2110 444 2147 primis
470 2110 738 2150 inm-ediencz'bus3

64 2164 99 2186 es
134 2153 218 2185 wird
251 2156 273 2188 i.
300 2157 424 2193 primos
441 2156 522 2194 finis
547 2156 743 2196 inyredc'enti

64 2200 263 2239 vermuthet,
294 2210 319 2230 s.
346 2199 412 2231 Cic.
438 2198 510 2233 Dei.
538 2202 588 2240 15,
618 2202 678 2234 42:
704 2202 740 2232 in

59 2248 176 2286 primis
199 2247 325 2286 finibus
354 2256 386 2277 se
402 2252 532 2284 praesto
550 2247 670 2286 fuisse.
695 2265 740 2270 —

64 2303 99 2323 m
123 2302 184 2323 cor.
211 2303 284 2326 aur.
326 2290 384 2322 der
407 2288 448 2321 liz
449 2301 518 2321 aaz
541 2291 682 2323 enthielt
706 2303 737 2322 u.

64 2348 88 2368 5.
109 2347 150 2368 w.
156 2338 236 2379 ,36,
257 2315 311 2376 40,
337 2337 395 2375 123
418 2334 532 2367 Polvb.
554 2338 741 2381 στέφανον

64 2380 140 2416 ἀπὸ
156 2360 424 2415 ’sunamidem
440 2370 641 2422 τιόάντων,
666 2392 691 2414 5
711 2392 738 2414 c.

66 2428 363 2470 9‚13·An‹lere
395 2426 485 2459 lesen
518 2430 552 2459 in
577 2439 737 2468 emonam,

65 2474 148 2506 doch
190 2473 276 2504 wird
317 2473 400 2504 nach
443 2473 513 2504 dem
554 2471 648 2514 Folg.
687 2473 738 2505 die

66 2518 177 2552 {irone
209 2518 314 2551 selbst
338 2518 534 2559 angeboten.
567 2537 607 2541 —
645 2522 739 2562 ὑπερ.

64 2577 107 2604 α.,
132 2567 164 2606 9,
190 2567 245 2606 41,
273 2566 302 2598 8.

135 2626 191 2653 Tit.
212 2626 276 2652 Liv.
295 2625 370 2652 vin.

854 1380 974 1411 7—10.
1006 1389 1081 1419 crya
1119 1389 1193 1417 nos,
1229 1376 1329 1407 durch
1355 1376 1485 1408 Vorau-

807 1423 953 1464 stellung
980 1434 1041 1454 von
1061 1424 1157 1455 bonae
1173 1425 1232 1454 vol.
1265 1421 1384 1453 weiter
1408 1425 1484 1453 ent-

808 1469 907 1509 fernt,
935 1471 989 1508 25,
1019 1471 1069 1508 125,
1099 1471 1128 1501 5.
1149 1470 1319 1509 —maqis
1338 1477 1390 1498 wo
1410 1477 1485 1498 man

808 1515 887 1546 ehei-
913 1517 1024 1554 potius
1056 1524 1118 1545 eiu
1129 1517 1236 1553 utet
1272 1512 1405 1555 Ponit:
1441 1509 1485 1545 οὗ

807 1556 881 1604 uda
885 1572 927 1593 ον
964 1557 1027 1592 ἀλ)
1032 1572 1071 1592 01·
1075 1571 1255 1612 ριωτατον
1290 1569 1357 1602 ys)
1361 1560 1486 1592 ονέναι

806 1606 1004 1658 Ρωμαίικω
1029 1623 1074 1627 -
1100 1602 1196 1638 amc<
1222 1605 1282 1637 καὶ
1306 1601 1397 1637 κατὰ
1419 1601 1485 1645 τὴν

808 1647 933 1696 υώιιην
973 1649 1062 1692 ὅλην
1094 1653 1144 1688 εἰς
1174 1653 1390 1703 καθαίρεσιν
1421 1650 1483 1690 τῆς

812 1694 925 1742 ἀρχῆς
948 1715 992 1719 —
1017 1708 1111 1730 ειιαι
1143 1708 1202 1728 και
1226 1692 1416 1733 κοίάσεως.
1441 1713 1487 1719 -

808 1754 877 1774 eum
911 1743 1001 1774 steht
1034 1741 1106 1774 hier
1138 1742 1204 1772 wol
1230 1741 1287 1773 der
1312 1740 1485 1773 Deutlich-

808 1788 879 1820 keit
910 1798 1026 1829 wegen
1053 1799 1084 1820 se
1108 1787 1304 1828 gegeniibei.
1332 1805 1375 1810 —
1401 1798 1486 1826 pur-

805 1836 905 1876 qandi
927 1845 968 1872 se,
1004 1835 1058 1873 25,
1097 1834 1151 1873 28,
1186 1834 1222 1866 9;
1258 1834 1488 1865 reconciliandi

807 1891 855 1919 se,
882 1881 936 1919 31,
967 1881 1020 1919 31,
1041 1881 1102 1911 20:
1127 1881 1317 1910 restituendi
1332 1890 1403 1918 vos3
1428 1879 1483 1918 23,

808 1927 863 1965 20,
891 1927 910 1958 S
934 1936 966 1957 u.
993 1934 1034 1965 a.‚
1072 1924 1221 1964 hiiufiger
1245 1927 1299 1955 sui
1322 1935 1352 1958 u.
1376 1934 1401 1955 s.
1427 1933 1483 1964 w.‚

809 1972 863 2011 21,
899 1972 953 2010 41,
983 1972 1017 2010 13
1043 1973 1097 2010 40,
1128 1972 1178 2009 12,
1211 1971 1267 2010 133
1293 1969 1336 2003 ib.
1364 1971 1416 2010 14,
1446 1970 1485 2009 83

807 2028 839 2048 se
863 2016 923 2048 auf
943 2016 1004 2047 den
1032 2015 1133 2047 Dativ
1165 2015 1328 2055 bezogen,
1363 2016 1417 2054 36,
1453 2016 1483 2053 7,

808 2065 838 2095 4.
864 2080 907 2084 —
932 2063 1050 2093 modice
1073 2061 1122 2093 als
1147 2061 1293 2092 Adverb.
1319 2060 1375 2092 des
1397 2058 1484 2091 Gra-

808 2108 864 2139 des
892 2108 995 2139 neben
1022 2107 1093 2138 den]
1118 2105 1293 2147 Adjeetiv,
1327 2105 1394 2146 vgl.
1430 2106 1484 2146 35,

810 2156 864 2193 12,
893 2155 920 2186 1.
939 2170 983 2175 —-
1003 2153 1155 2193 infracta,
1181 2161 1265 2193 ganz
1284 2151 1484 2193 gebroehen,

809 2201 863 2237 40,
896 2201 951 2238 40,
979 2200 1016 2238 73
1045 2200 1076 2237 2,
1107 2199 1160 2237 59,
1187 2200 1217 2231 4.
1243 2215 1288 2219 —
1311 2199 1483 2238 querentis,

809 2244 957 2285 kl'aglich
990 2242 1183 2283 dai-stente,
1219 2253 1245 2274 5.
1271 2246 1310 2283 4,
1349 2244 1406 2284 16,
1445 2244 1485 2281 5;

809 2290 891 2322 iiber
915 2290 975 2321 den
993 2288 1128 2320 Genitiv
1155 2290 1208 2328 35,
1234 2290 1288 2329 44,
1315 2290 1345 2321 2.
1365 2306 1410 2310 -
1428 2289 1486 2320 sub

808 2348 840 2368 eo
865 2335 910 2366 ist
938 2334 1027 2366 viell.
1054 2334 1186 2366 nnacht.
1219 2351 1263 2356 —
1303 2335 1386 2374 Syll.
1410 2337 1485 2374 etc„

808 2380 948 2412 Polv.:b
983 2377 1124 2426 ἐκράτει
1155 2397 1198 2401 —
1232 2381 1392 2412 ΣυλΓιιοι
1424 2379 1486 2412 καὶ

807 2428 869 2467 τῆς
900 2427 939 2459 ἕν
978 2428 1105 2471 Altum]
1147 2422 1306 2464 πόλεως,
1345 2426 1486 2466 Sylleum

809 2472 852 2503 ist
887 2460 1165 2503 uahrsclieiiilich
1192 2471 1245 2503 ein
1269 2471 1398 2502 kleine1
1423 2469 1486 2502 Ort

808 2518 861 2550 bei
890 2517 1025 2560 Cibyra,
1060 2517 1151 2548 nicht
1175 2517 1234 2548 das
1259 2516 1291 2547 in
1318 2515 1485 2559 Pamphy-

808 2564 873 2595 Iien
915 2564 946 2594 in
980 2563 1038 2595 der
1073 2562 1167 2595 N'abe
1200 2572 1264 2593 von
1295 2561 1399 2603 Perge
1434 2571 1485 2592 am

1184 2621 1222 2652 19

1226 1203 1334 1236 erant
1352 1204 1480 1236 alneu]
1504 1212 1545 1245 10
