1747 2841
173 111 260 154 204

610 111 737 146 LIBER
764 111 944 146 XXXVII.
976 111 1070 146 CAP.
1101 115 1157 147 27.

1445 121 1472 140 a.
1493 112 1602 141 u.564.

172 215 340 267 benigne
371 215 610 267 praebuisse,
642 217 818 268 quinque
844 216 948 255 milia
978 228 1165 256 vasorum
1193 216 1271 256 vini
1291 217 1483 268 pollicitos
1504 229 1602 257 esse.

175 273 300 311 Teum
329 285 376 312 ex
396 273 525 312 medio
549 286 667 313 cursu
692 274 854 313 classem
875 278 1037 324 repente
1057 273 1204 321 avertit,
1233 280 1299 313 aut
1319 273 1538 313 volentibus
1556 274 1604 313 iis

177 341 321 368 usurus
354 335 575 369 commeatu
597 336 730 381 parato
754 329 954 377 hostibus,
985 335 1050 368 aut
1070 330 1177 381 ipsos
1198 343 1270 381 pro
1292 330 1470 370 hostibus
1491 330 1603 370 habi-

136 397 158 429 4
176 391 301 425 turus.

352 398 442 424 cum
469 387 711 426 derexissent
740 387 787 426 ad
808 392 951 426 terram
976 399 1126 437 proras,
1157 387 1381 437 quindecim
1406 389 1528 426 ferme
1549 387 1606 426 eis

176 455 295 482 naves
320 443 421 481 circa
441 444 703 494 Myonnesum
724 449 1003 494 apparuerunt,
1025 455 1121 493 quas
1141 443 1268 494 primo
1291 456 1338 483 ex
1360 444 1481 483 classe
1500 444 1606 495 regia

176 505 332 550 praetor
356 511 441 538 esse
462 506 568 539 ratus
591 500 727 540 institit
746 500 878 551 sequi,
900 500 1078 550 apparuit
1098 500 1237 539 deinde
1252 501 1434 552 piraticos
1455 501 1606 540 celoces

138 566 158 598 5
178 561 215 595 et
237 556 389 595 lembos
413 569 510 595 esse.

559 557 747 596 Chiorum
771 557 1001 595 maritimam
1024 569 1133 596 oram
1156 557 1379 608 depopulati
1401 569 1492 597 cum
1515 569 1606 596 om-
1629 583 1634 587 -

177 612 238 651 nis
265 612 416 664 generis
447 613 588 664 praeda
618 620 857 653 revertentes
880 618 1090 664 postquam
1112 613 1244 652 videre
1264 626 1311 652 ex
1332 614 1406 653 alto
1431 614 1608 660 classem,

178 670 219 708 in
251 671 382 720 sugam
413 676 626 709 verterunt..

677 677 713 710 et
743 671 933 709 celeritate
954 669 1192 720 superabant
1211 670 1422 710 levioribus
1442 676 1480 709 et
1498 671 1544 709 ad
1566 670 1606 709 id

139 736 159 768 6
180 725 401 765 fabrefactis
433 727 607 778 navigiis,
639 733 676 766 et
695 728 901 778 propiores
924 732 1048 765 terrae
1071 733 1200 766 erant:
1225 727 1354 777 itaque
1375 726 1607 778 priusquam

179 783 513 834 appropinquaret
532 784 675 830 classis,
697 785 958 836 Myonnesum
980 784 1248 834 perfugerunt,
1269 783 1375 822 unde
1396 796 1437 822 se
1452 796 1472 822 e
1489 789 1607 834 portu

139 848 159 878 7
178 846 286 878 ratus
303 839 589 879 abstracturum
609 853 739 888 naves,
758 841 917 892 ignarus
929 840 1004 879 loci
1017 840 1254 890 sequebatur
1266 846 1432 891 praetor.
1463 841 1608 892 Myon-

179 908 299 935 nesus
325 897 649 947 promunturium
671 898 773 936 inter
799 899 924 937 Teum
947 897 1189 948 Samumque
1212 903 1280 936 est.
1318 897 1400 948 ipse
1422 897 1530 936 collis
1551 904 1611 936 est.

177 953 218 992 in
249 953 413 992 modum
435 961 558 993 metae
587 954 628 992 in
656 961 813 993 acutum
845 966 1033 993 cacumen
1062 966 1081 992 a
1100 954 1223 992 fundo
1244 954 1334 993 satis
1354 955 1429 993 lato
1450 953 1609 1004 fastiga-

179 1016 263 1056 tus3
284 1022 305 1048 a
327 1010 540 1049 continenti
560 1017 663 1050 artae
684 1012 841 1051 semitae
862 1011 1008 1050 aditum
1031 1010 1156 1060 habet,
1177 1024 1198 1050 a
1220 1011 1317 1049 mari
1333 1023 1467 1050 exesae
1479 1010 1609 1050 flucti-

179 1066 254 1105 bus
279 1079 399 1117 rupes
432 1067 637 1114 claudunt,
663 1068 712 1107 ita
736 1075 778 1107 ut
800 1068 1035 1119 quibusdam
1054 1068 1149 1106 locis
1171 1067 1499 1118 superpendentia
1519 1079 1609 1106 saxa

180 1123 268 1174 plus
299 1123 340 1162 in
367 1124 508 1170 altum,
537 1136 654 1174 quam
684 1137 783 1176 quae
811 1126 852 1164 in
883 1124 1045 1163 statione
1068 1130 1161 1163 sunt
1179 1137 1319 1170 naves,
1351 1124 1611 1175 promineant.

142 1189 162 1221 8
182 1180 282 1218 circa
305 1192 347 1218 ea
369 1180 686 1231 appropinquare
708 1194 789 1220 non
811 1194 926 1220 ausae
948 1193 1087 1228 naves,
1110 1193 1160 1220 ne
1181 1181 1254 1220 sub
1274 1181 1354 1220 ictu
1379 1187 1610 1233 superstan-

180 1313 407 1355 Zusicheruug
431 1313 522 1346 ihrer
546 1313 670 1346 Rechte
695 1314 860 1353 erhalteu,

180 1359 253 1391 sind
281 1360 360 1391 aber
383 1359 472 1400 jetzt
505 1359 632 1391 wieder
661 1371 720 1392 zur
748 1359 862 1391 Partei

181 1405 237 1437 des
272 1404 399 1446 Honigs
434 1405 698 1447 iibergegangen.
735 1424 778 1428 -—
804 1417 861 1437 va-

180 1463 298 1493 sorum,
330 1450 554 1490 unhestimmt,
597 1451 637 1483 ob
682 1452 861 1493 amphorae

182 1497 262 1528 oder
292 1496 345 1528 ein
376 1497 513 1529 anderes
546 1496 647 1529 Mass.
683 1515 723 1519 -
754 1500 861 1537 Teum,

183 1543 268 1574 ohne
293 1542 529 1583 Verbindung3
554 1547 641 1574 statt
665 1543 749 1574 nach
773 1542 862 1574 Nor-

183 1589 244 1620 den
269 1591 398 1620 steuert
430 1598 466 1620 cr
499 1589 583 1619 nach
617 1588 730 1620 Osten.
757 1607 801 1611 —-
825 1599 863 1620 ex

182 1636 262 1667 med.
285 1645 382 1666 cursu
408 1633 454 1665 ist
479 1633 571 1664 nicht
596 1643 714 1675 genau,
747 1634 788 1665 da
826 1644 863 1665 er

183 1680 268 1711 nach
298 1680 361 1711 den
388 1679 531 1711 XVorten
564 1682 691 1712 simul
722 1682 864 1712 adlatum

183 1732 227 1758 est
253 1725 305 1757 die
323 1724 506 1756 Nachrieht
527 1726 611 1756 noch
636 1736 698 1756 vor
717 1726 776 1758 der
792 1725 862 1757 Ah-

183 1770 274 1802 fahrt
291 1781 356 1802 von
371 1770 484 1802 Samos
502 1771 625 1811 erhalt,
641 1771 720 1803 oder
733 1771 785 1803 die
798 1771 862 1802 Er-

184 1817 352 1857 wiihnung
370 1826 435 1847 von
453 1816 561 1848 dieser
577 1816 624 1848 ist
648 1827 689 1848 zu
707 1816 782 1848 friih
802 1828 863 1849 an-

184 1862 340 1904 gegeben.
370 1881 413 1885 ——
431 1865 542 1894 volent.
569 1865 610 1894 iis
635 1862 679 1894 ist
702 1863 775 1895 hier
800 1863 863 1896 abl.

184 1909 265 1947 abs„
290 1918 316 1942 S.
344 1910 375 1948 7,
403 1909 458 1949 41,
486 1910 523 1941 4:
553 1911 620 1948 ipso
644 1911 771 1949 volente,
798 1908 865 1949 vgl.

185 1955 241 1994 21,
271 1955 325 1993 50,
355 1955 406 1987 10.

230 2001 332 2033 4-6,
365 2001 482 2031 institit
513 2011 551 2039 s.,
587 2010 612 2031 5.
648 2001 703 2041 35,
739 2001 790 2039 11,
828 2001 865 2039 33

186 2046 241 2086 25,
279 2046 330 2085 19,
365 2047 394 2078 7.
421 2064 464 2071 —
490 2048 646 2085 piraticos
671 2063 714 2067 —-
743 2048 865 2085 celoces,

185 2101 209 2122 S.
239 2092 294 2130 21,
326 2092 377 2131 17,
413 2093 452 2131 33
488 2093 609 2129 lembos,
649 2092 703 2129 24,
737 2093 791 2129 40,
825 2093 864 2130 23

187 2138 240 2175 34,
282 2138 337 2176 26,
380 2138 440 2178 113
476 2136 528 2168 die
568 2135 646 2178 folg.
685 2135 864 2168 pradicate

186 2183 369 2222 depopulati
400 2186 462 2214 etc.
497 2182 656 2214 beziehen
699 2182 770 2214 sich
809 2180 869 2213 auf

187 2228 239 2259 die
268 2228 302 2259 in
319 2231 476 2268 piraticos
512 2229 755 2269 angedeuteten
780 2227 863 2260 Per—

187 2283 300 2306 sonen.
324 2292 367 2295 —
392 2281 505 2307 verter.
541 2285 571 2305 11.
608 2285 650 2314 se,
684 2283 710 2306 e.
746 2275 798 2313 12,
834 2275 865 2314 8,

189 2319 239 2350 od.
281 2330 394 2362 nave33
436 2319 506 2351 Pol.
544 2321 598 2360 21,
649 2320 707 2352 12·
749 2320 785 2352 οἱ
826 2318 866 2352 δὲ

188 2366 361 2411 πειραταὶ
405 2361 636 2410 θεασάαεποι
677 2364 744 2399 τὸν
784 2365 867 2399 ἐπί-

187 2412 309 2444 πλουι
349 2411 423 2443 τῶι
461 2396 674 2456 Ρωιιαὶκῶν
722 2412 868 2444 πλοίων

186 2456 226 2490 ἐκ
230 2458 456 2509 μεταβολῆς
475 2442 672 2490 ἐποιοῦντο
693 2455 758 2498 τὴν
777 2455 822 2489 (ἓν
826 2469 868 2489 α-

181 2499 353 2547 χώρησιν.
372 2521 415 2525 —
432 2505 477 2535 ad
499 2505 543 2544 id,
568 2513 608 2534 zu
626 2503 697 2535 dem
714 2502 773 2534 Zw
777 2503 867 2544 ecke,

188 2550 327 2589 23,18,
357 2550 387 2581 3.
412 2549 614 2589 —faboes.,
646 2552 740 2580 sonst
775 2549 868 2580 mehr

931 1320 994 1344 von
1043 1313 1279 1346 kunstreicheu
1326 1313 1612 1356 Metallarbeiteu,

931 1361 984 1395 34,
1012 1360 1066 1398 52,
1095 1361 1132 1402 53
1162 1359 1228 1400 vgl.
1255 1362 1308 1401 36,
1335 1362 1389 1399 40,
1419 1362 1471 1395 12.

978 1407 1007 1437 7.
1033 1407 1117 1437 inter
1137 1407 1235 1437 Teum
1254 1407 1300 1444 S„
1317 1405 1395 1438 weil
1415 1405 1449 1438 L.
1478 1416 1540 1438 nur
1557 1405 1612 1438 die

931 1449 1128 1492 Endpunkte
1153 1451 1212 1482 der
1240 1432 1346 1483 Fahrt
1369 1451 1524 1494 angieht3
1551 1461 1611 1492 ge-

932 1506 1035 1528 uauer
1051 1496 1172 1528 Strabo
1202 1498 1253 1537 14,
1283 1499 1311 1537 1,
1332 1498 1415 1539 291).
1433 1499 1517 1531 643:
1543 1509 1612 1543 με·

931 1540 1019 1578 ruffi
1051 1544 1126 1575 Τέω
1151 1543 1212 1574 καὶ
1230 1542 1411 1584 Λεβέὸοι.
1429 1561 1473 1568 »-
1493 1545 1559 1583 ipse
1574 1555 1612 1583 c.,

932 1587 965 1618 in
992 1587 1053 1619 den
1078 1588 1136 1619 das
1161 1592 1365 1640 promuntur.
1383 1587 1540 1621 ausl‘ziuft.
1566 1607 1611 1612 —-

932 1639 1039 1673 metae,
1058 1633 1110 1665 (116
1131 1633 1283 1676 spitzige,
1304 1634 1614 1677 pyramidenartige

931 1678 1031 1711 Form
1062 1679 1258 1722 uberhaupt
1292 1691 1450 1717 cac-umen
1494 1691 1518 1712 S.
1556 1682 1612 1721 36,

932 1726 987 1764 24,
1015 1726 1044 1764 8,
1071 1724 1123 1756 (116
1141 1724 1252 1767 Spitze
1280 1725 1403 1758 selbst
1395 1727 1616 1770 fastigatus,

933 1771 1055 1812 schr'ag
1090 1769 1315 1812 aul'steigend·
1356 1782 1382 1804 5.
1418 1774 1473 1806 44
1505 1774 1537 1812 9,
1572 1773 1611 1812 6;

933 1815 1611 1859 Caes.B..·G2,84,17,Curt.S,

936 1864 990 1901 39,
1034 1863 1073 1895 6;
1106 1869 1201 1901 petra
1236 1874 1302 1894 non
1335 1882 1379 1886 —
1414 1865 1545 1895 modicia
1577 1875 1615 1896 ao

934 1910 1082 1940 mollibus
1104 1910 1194 1940 olivis
1222 1911 1257 1940 in
1289 1911 1420 1941 sublime
1436 1910 1613 1951 fastz'qz'um

934 1956 1053 1993 crescit,
1091 1956 1146 1985 sed
1176 1956 1210 1986 in
1245 1960 1344 1986 metae
1381 1957 1516 1987 maxime
1547 1966 1615 1987 mo-

935 2003 1009 2032 dum
1030 2005 1130 2032 erecta
1154 2006 1207 2039 est,
1233 2002 1322 2032 ouius
1346 2002 1411 2033 ima
1425 2003 1615 2041 spatiosiora

934 2052 1019 2084 sum,
1046 2048 1162 2077 altiora
1184 2048 1220 2078 in
1244 2049 1348 2078 artius
1369 2053 1491 2087 coeunt,
1524 2058 1613 2079 smn-

934 2103 985 2123 ma
1000 2094 1035 2123 in
1053 2098 1178 2123 acutum
1195 2103 1340 2124 cacumen
1349 2098 1542 2135 exeurqunt3
1561 2092 1615 2125 dic

934 2147 1060 2178 geuaue
1092 2136 1312 2179 Schilderung
1344 2148 1386 2170 an
1425 2149 1456 2170 u.
1489 2138 1536 2170 St.
1569 2139 1617 2171 ist

935 2193 1000 2214 von
1026 2181 1164 2225 Polyb.;
1203 2183 1271 2224 vgl.
1309 2183 1431 2215 Strabo
1464 2183 1486 2215 l.
1521 2184 1543 2216 l.
1570 2202 1614 2207 —-

934 2235 994 2260 art.
1020 2239 1091 2260 sem.
1108 2230 1171 2269 ad„
1194 2228 1290 2261 einen
1306 2229 1457 2271 Zugang,
1479 2230 1538 2262 der
1555 2230 1616 2262 be-

935 2275 1027 2306 steht
1044 2285 1074 2306 u.
1093 2285 1118 2307 s.
1137 2285 1191 2315 w.,
1217 2274 1279 2307 deu
1303 2274 1417 2307 bildet.
1432 2293 1478 2297 -
1497 2278 1614 2316 claud„

937 2322 991 2359 36,
1017 2321 1068 2359 18,
1090 2322 1120 2353 4.
1147 2338 1189 2342 -
1206 2323 1393 2360 superpend.
1420 2321 1522 2353 findet
1544 2321 1616 2353 sich

935 2370 1028 2397 sonst
1042 2366 1145 2405 nicht,
1163 2366 1228 2407 vgl.
1248 2377 1288 2398 zu
1302 2368 1357 2406 21,
1373 2368 1427 2407 38,
1445 2368 1464 2400 8
1476 2375 1486 2408 3
1498 2376 1616 2408 wegen

937 2411 1111 2443 {ihnlicher
1136 2411 1370 2454 decomposita,
1396 2414 1427 2453 2,
1469 2414 1521 2453 10,
1557 2414 1616 2446 11:

936 2459 1192 2497 supe›·in02·dere;
1218 2460 1272 2498 25,
1293 2459 1347 2497 36,
1374 2460 1393 2490 5
1420 2469 1452 2490 u.
1481 2468 1522 2497 a.,
1542 2468 1619 2490 ver-

936 2503 1065 2534 muthet
1103 2501 1268 2546 Kreyssig
1296 2506 1617 2543 superimpendentia.

984 2550 1083 2583 8—9.
1113 2552 1197 2581 cirea
1215 2560 1261 2590 ea,
1288 2549 1321 2580 iu
1341 2549 1398 2580 der
1421 2548 1526 2591 N'ahe,
1556 2559 1618 2592 ge-
