1747 2841
129 147 158 166 a.
176 138 228 166 Ch.
247 139 305 166 190.

132 245 231 284 tium
281 241 445 294 rupibus
482 241 692 292 piratarum
729 248 878 288 essent,
921 241 1023 281 diem
1061 242 1214 280 trivere.

546 137 670 171 LIBER
687 137 867 172 XXXVII.
895 137 988 171 CAP.
1010 139 1062 172 27.
1079 140 1134 173 28.

1471 137 1556 181 205

1282 242 1438 280 tandem
1481 241 1554 281 sub
1575 248 1596 280 9

133 306 289 340 noctem
320 310 420 337 vano
451 298 605 348 incepto
638 310 727 336 cum
759 298 1015 341 abstitissent,
1056 298 1180 337 Teum
1212 304 1368 348 postero
1401 298 1461 336 die
1487 311 1554 337 ac-

133 367 305 401 cessere,
332 361 370 394 et
396 355 437 393 in
459 360 597 405 portu,
626 354 692 404 qui
715 354 761 392 ab
784 361 889 406 tergo
913 354 1022 393 urbis
1043 360 1101 393 est
1124 377 1178 381 —
1200 355 1461 393 Geraesticum
1483 355 1558 405 ipsi

133 412 327 464 appellant
345 434 412 457 —,
441 410 605 449 navibus
628 411 846 450 constitutis
869 417 1024 462 praetor
1043 411 1089 449 ad
1112 411 1431 462 depopulandum
1455 411 1555 449 circa

134 469 273 508 urbem
295 480 432 519 agrum
453 467 580 505 emisit
600 467 749 506 milites.
791 467 884 513 Teii,
907 479 996 506 cum
1020 467 1059 505 in
1082 467 1202 505 oculis
1224 467 1421 518 populatio
1443 474 1556 514 esset,
1575 465 1633 506 28

133 531 308 571 oratores
332 535 422 562 cum
451 524 584 562 insulis
605 530 641 562 et
661 524 885 562 velamentis
906 524 953 563 ad
976 524 1198 563 Romanum
1223 524 1423 562 miserunt.
1467 524 1555 574 qui-

131 581 207 620 bus
233 580 487 632 purgantibus
519 581 708 619 civitatem
740 581 868 619 omnis
900 581 988 619 facti
1010 580 1177 630 dictique
1199 580 1348 619 hostilis
1369 580 1556 619 adversus

131 638 344 684 Romanos,
367 643 404 676 et
424 637 568 675 iuvisse
590 649 656 675 eos
679 637 787 675 omni
808 643 1028 675 commeatu
1051 637 1210 675 classem
1228 637 1399 675 hostium
1419 637 1557 688 arguit,
1576 638 1595 671 2

133 700 171 733 et
201 700 391 744 quantum
423 693 501 731 vini
523 693 783 745 Polyxenidae
816 694 1111 744 promisissent3
1144 705 1243 744 quae
1266 693 1297 731 si
1321 693 1454 732 eadem
1474 694 1557 732 Ro-

133 763 271 789 manae
294 750 404 789 classi
425 750 579 796 darent,
613 756 886 789 revocaturum
917 763 958 789 se
989 762 1009 788 a
1038 750 1289 800 populatione
1313 750 1495 795 militem,
1527 749 1559 789 si

134 807 276 854 minus,
306 820 378 858 pro
410 806 587 846 hostibus
618 818 684 845 eos
714 806 948 845 habiturum.
997 806 1072 845 hoc
1095 812 1171 845 tam
1194 806 1301 845 triste
1322 818 1557 856 responsum
1578 813 1597 845 3

133 876 226 903 cum
247 864 484 903 rettulissent
504 863 626 914 legati,
654 869 812 901 vocatur
832 863 871 901 in
893 863 1117 902 contionem
1139 875 1159 901 a
1180 862 1466 914 magistratibus
1482 875 1557 913 po-

135 921 266 972 pulus,
297 927 350 966 ut,
381 919 472 971 quid
497 925 667 970 agerent,
699 920 984 958 consultarent..
1028 932 1074 958 eo
1096 921 1195 958 forte
1218 919 1277 958 die
1300 919 1558 970 Polyxenidas
1577 923 1600 956 4

135 989 225 1015 cum
266 977 370 1028 regia
405 976 523 1015 classe
555 988 575 1014 a
606 976 833 1026 Colophone
864 978 1064 1026 profectus
1096 982 1304 1027 postquam
1335 976 1504 1014 movisse
1536 988 1557 1014 a

134 1034 250 1072 Samo
283 1034 481 1072 Romanos
520 1032 666 1071 audivit
704 1038 741 1071 et
775 1032 822 1070 ad
851 1033 1114 1084 Myonnesum
1152 1033 1292 1083 piratas
1327 1031 1560 1083 'persecutos

135 1090 333 1129 Teiorum·
362 1100 499 1140 agrum
540 1088 790 1139 depopulari,
831 1101 949 1128 naves
982 1089 1023 1128 in
1052 1089 1271 1128 Geraestico
1301 1095 1418 1139 portu
1447 1094 1560 1135 stare,

132 1147 217 1197 ipse
238 1146 425 1185 adversus
446 1145 707 1196 Myonnesum
728 1145 769 1183 in
789 1145 915 1185 insula
936 1169 991 1173 -—
1012 1146 1158 1184 Macrin
1179 1145 1321 1184 nautici
1344 1152 1484 1184 vocant
1506 1168 1560 1172 —
1581 1154 1599 1185 5

133 1215 296 1242 ancoras
325 1208 442 1253 portu
475 1202 625 1240 occulto
649 1202 747 1240 iecit.
791 1202 881 1241 inde
903 1215 949 1241 ex
970 1203 1195 1254 propinquo
1217 1202 1435 1253 explorans,
1468 1201 1560 1252 quid
1581 1209 1601 1241 6

134 1259 265 1298 hostes
285 1264 454 1310 agerent,
485 1259 612 1309 primo
633 1259 674 1296 in
695 1270 833 1309 magna
855 1271 924 1309 spe
947 1260 1030 1306 suit,
1053 1271 1172 1310 quern
1193 1259 1239 1297 ad
1265 1259 1428 1297 modum
1450 1259 1560 1298 Rho-

135 1316 238 1355 diam
270 1317 431 1354 classem
462 1314 508 1353 ad
537 1315 697 1354 Samum
731 1315 997 1354 circumsessis
1021 1315 1068 1354 ad
1100 1316 1245 1354 exitum
1268 1315 1446 1354 faucibus
1466 1327 1561 1365 por-

134 1378 198 1411 tus
225 1378 507 1423 expugnasset,
532 1371 588 1410 sic
614 1377 650 1410 et
673 1372 890 1410 Romanam
916 1378 1243 1423 expugnaturum.
1273 1384 1345 1410 nec
1367 1377 1424 1410 est
1446 1371 1561 1410 dissi-

134 1429 236 1468 milis
267 1435 401 1468 natura
433 1428 528 1466 loci:
558 1429 843 1478 promunturiis
864 1429 1096 1467 coeuntibus
1117 1429 1219 1468 inter
1241 1441 1282 1467 se
1301 1429 1351 1467 ita
1372 1428 1562 1467 clauditur
1582 1443 1601 1474 τ

134 1574 212 1606 hiirt
245 1582 285 1604 zu
318 1574 444 1605 trivere.
467 1590 513 1595 —
543 1574 600 1604 sub
641 1575 715 1613 ictu,
752 1573 814 1605 den

136 1617 344 1651 Geschossen
370 1622 572 1659 ausgesetzt,
599 1619 653 1657 26,
674 1621 730 1659 40,
750 1620 814 1658 ,1ος

134 1666 191 1705 43,
227 1665 279 1703 10,
306 1665 336 1697 5.
361 1681 404 1686 —
423 1670 551 1703 postero
571 1665 613 1704 d.,
639 1664 687 1696 sie
705 1664 815 1696 schei-

136 1719 199 1742 nen
236 1708 288 1741 die
327 1707 439 1741 Nacht
476 1709 558 1741 iiber
594 1707 653 1741 auf
692 1709 815 1741 offener

137 1754 199 1787 See
225 1754 399 1796 geblieben
423 1765 464 1786 zu
492 1754 572 1787 sein.
597 1773 643 1778 —
666 1757 704 1787 ab
719 1761 814 1797 terqo,

136 1800 260 1833 Strabo
289 1802 340 1842 14,
369 1802 396 1841 1,
424 1801 466 1835 30
492 1811 519 1843 p.
545 1802 631 1834 644:
662 1798 684 1844 ἡ
722 1803 817 1838 Τέως

137 1847 200 1881 ἐπὶ
227 1843 440 1893 χερρονήσῳ
475 1846 643 1893 ἵδρυται,
685 1847 815 1892 λιμένα

138 1891 283 1945 ἔχουσα.
307 1909 350 1914 -
371 1892 448 1925 ἔστι
480 1894 542 1925 καὶ
569 1888 677 1930 ἄλλος
705 1890 817 1937 λιμὴν

138 1949 159 1970 o
174 1934 404 1984 πρόσβορρος
415 1935 494 1970 cino
509 1936 704 1984 τριάκοντα
729 1948 817 1970 στα-

139 1983 232 2017 δίων
249 1984 311 2025 τῆς
329 1980 470 2022 πόλεως
489 1983 687 2027 Γεροαιίδι,
711 1982 736 2024 j.
763 1983 817 2015 Si-

139 2027 268 2070 ghajik,
294 2029 352 2060 der
370 2029 492 2061 andere
508 2017 614 2062 Halen
631 2029 816 2062 erstreckte

139 2074 211 2107 sich
236 2075 319 2106 nach
349 2073 462 2107 Osten.

188 2116 257 2156 28.
286 2120 382 2153 1—3.
414 2123 448 2152 in
471 2132 526 2160 00„
555 2121 608 2160 35,
635 2122 689 2161 36,
719 2121 749 2153 2.
775 2139 819 2143 —

132 2176 232 2207 purq.
245 2183 290 2187 —
302 2167 443 2208 omnies.
459 2168 500 2206 ὦ,
516 2166 568 2197 die
584 2166 819 2198 Construction

140 2211 206 2242 wie
254 2210 308 2243 bei
357 2210 532 2244 'ahnlichen
580 2211 819 2253 gerichtlichen

139 2256 285 2297 Verbeu,
310 2259 450 2290 iudicari
476 2258 507 2297 6,
545 2259 598 2298 14,
625 2258 663 2299 3;
689 2259 823 2290 liberari

142 2304 174 2342 5,
201 2303 256 2343 28,
291 2304 326 2341 1,
351 2309 524 2342 compertus
548 2305 579 2342 7,
605 2305 637 2344 4,
659 2305 691 2343 4,
718 2303 820 2335 findet

139 2347 214 2379 sich
254 2357 315 2379 vor
357 2347 392 2379 L.
439 2347 540 2380 nicht.
573 2367 618 2371 —
649 2360 699 2380 eos
739 2349 823 2380 nach

135 2395 352 2435 purqantibus
376 2404 429 2425 um
455 2393 550 2426 beide
582 2393 745 2426 Momente
778 2405 819 2426 zu

140 2439 286 2470 sonderu
309 2439 374 2470 und
398 2439 680 2480 hervorzuheben,
710 2450 735 2473 s.
762 2441 816 2479 32,

142 2485 175 2524 9,
214 2486 263 2518 10.
302 2503 339 2507 -
375 2487 465 2517 omni
502 2497 587 2525 com„
615 2484 712 2526 jeder
745 2484 818 2526 Art,

142 2529 210 2571 vgl.
242 2540 268 2562 c.
294 2531 349 2571 33,
376 2532 414 2570 23
443 2532 497 2571 53,
525 2532 564 2564 9:
599 2533 687 2563 omni
708 2542 820 2572 ρεπεν-ε

143 2582 366 2609 commeatuum
375 2588 390 2616 ;
423 2579 512 2609 omm'
552 2587 593 2608 zu
635 2574 816 2617 entremen,

884 1573 963 1605 weil
989 1575 1091 1605 onmis
1117 1573 1332 1614 vorausgeht,
1367 1572 1411 1603 ist
1446 1571 1499 1604 bei
1526 1572 1563 1605 L.

884 1619 962 1651 kein
1003 1618 1260 1650 ausreichender
1302 1616 1428 1652 Grund.
1465 1636 1497 1640 -
1536 1621 1568 1651 si

884 1667 961 1696 min.
991 1679 1037 1691 =
1061 1667 1112 1696 sin
1144 1675 1197 1704 m.,
1231 1674 1256 1696 s.
1295 1665 1348 1698 38,
1385 1665 1416 1703 8,
1443 1664 1481 1703 33
1508 1664 1562 1705 29,

884 1712 940 1750 20,
967 1712 996 1744 8.
1021 1727 1067 1732 -—
1090 1711 1181 1742 criste
1208 1709 1273 1741 wie
1306 1710 1361 1749 25,
1402 1710 1434 1749 6,
1462 1710 1491 1742 2.
1522 1727 1565 1732 —-

883 1767 948 1788 voc.
981 1758 1015 1787 in
1049 1761 1143 1796 cont„
1163 1757 1231 1795 ³24,
1266 1756 1321 1795 28,
1359 1756 1386 1787 1.
1427 1773 1470 1777 -
1495 1767 1564 1787 ma-

882 1805 988 1843 qistr„
1021 1801 1088 1842 vgl.
1124 1811 1150 1832 c.
1190 1802 1241 1839 12,
1273 1802 1304 1833 2.
1338 1818 1381 1822 —
1419 1804 1563 1841 consult„

886 1847 944 1878 der
961 1847 1134 1879 Beschluss
1158 1846 1203 1878 ist
1223 1845 1243 1888 ξ
1262 1847 1282 1878 9
1308 1845 1518 1887 angedeutet.

931 1894 1030 1926 4—8.
1057 1894 1194 1933 Coloph.‚
1224 1902 1257 1923 es
1285 1891 1330 1923 ist
1348 1890 1481 1923 Notium
1506 1901 1566 1933 ge-

885 1938 999 1979 meint,
1025 1949 1051 1970 s.
1069 1948 1095 1969 c.
1113 1939 1169 1978 26,
1189 1940 1219 1971 5.
1239 1955 1284 1960 ——
1301 1940 1442 1976 movisse,
1459 1947 1487 1969 c.
1512 1938 1564 1978 18,

886 1985 916 2017 8.
944 2002 982 2007 —-
1011 1986 1130 2024 depop„
1157 1994 1183 2014 c.
1208 1986 1240 2024 4,
1261 1985 1290 2016 6.
1316 2000 1360 2006 —
1384 1984 1420 2014 in
1444 1985 1565 2023 insula,

885 2039 938 2069 an,
983 2029 1036 2061 bei
1078 2030 1136 2061 der
1176 2028 1273 2069 Insel,
1308 2027 1375 2069 vgl.
1421 2029 1440 2068 ξ
1480 2030 1495 2061 1
1531 2031 1566 2060 in

886 2077 985 2107 oculis
1016 2087 1048 2107 u.
1086 2085 1134 2118 a.;
1169 2073 1264 2117 Prop.
1302 2075 1330 2114 1,
1367 2075 1399 2114 2,
1444 2075 1503 2107 11:
1531 2076 1567 2106 in

887 2123 991 2153 antris
1026 2132 1056 2152 u.
1090 2131 1120 2152 a.
1148 2138 1186 2142 —
1212 2121 1352 2160 Macrin,
1386 2129 1413 2151 c.
1454 2120 1506 2160 13,
1535 2121 1564 2153 1.

886 2169 1022 2207 nautici,
1049 2168 1103 2206 30,
1129 2167 1184 2205 25,
1213 2167 1273 2206 113
1308 2166 1364 2205 41,
1399 2166 1430 2205 3,
1467 2166 1495 2198 1.
1523 2183 1566 2188 -

882 2214 991 2252 primo
1047 2212 1107 2243 hat
1162 2211 1239 2243 kein
1287 2210 1565 2253 eutsprechendes

889 2257 997 2296 Glied,
1019 2257 1076 2288 das
1102 2257 1205 2288 durch
1223 2256 1275 2288 die
1296 2255 1372 2297 folg.
1387 2255 1566 2289 Umst'ande

888 2302 1098 2335 veranlasste
1123 2301 1295 2343 Aufgebeu
1320 2302 1378 2334 der
1402 2301 1567 2344 Hoffnung

892 2348 937 2380 ist
966 2348 1057 2379 nicht
1073 2348 1250 2380 besonders
1268 2347 1428 2387 bemerkt,
1454 2349 1473 2387 ξ
1498 2349 1518 2381 9
1534 2348 1566 2380 ff.

888 2404 950 2425 nur
978 2394 1189 2435 augmentet,
1225 2393 1292 2435 vgl.
1326 2403 1352 2425 c.
1381 2395 1436 2434 29,
1465 2395 1493 2427 1.
1523 2411 1567 2416 -

888 2443 923 2471 in
956 2451 996 2472 m.
1038 2450 1090 2479 spe
1116 2440 1163 2481 f.,
1205 2439 1310 2479 activ‚
1345 2441 1399 2479 25,
1438 2441 1489 2479 15,
1527 2440 1566 2480 5'5

887 2487 942 2525 42,
973 2486 1024 2525 19,
1052 2486 1083 2518 3.
1111 2503 1155 2507 —
1178 2487 1222 2517 ad
1246 2487 1317 2518 exit.
1352 2485 1398 2516 ist
1421 2495 1463 2516 zu
1478 2485 1566 2526 fau-

886 2533 942 2563 cib.
986 2540 1026 2563 zu
1063 2530 1188 2562 ziehen.
1219 2548 1262 2552 ——
1290 2537 1477 2572 promunc.,
1515 2530 1567 2563 die

887 2576 1000 2608 Hiihen
1026 2586 1066 2608 an
1086 2576 1202 2608 beiden
1219 2575 1332 2608 Seiten
1355 2577 1411 2608 des
1430 2574 1566 2617 Hafeus,
