1747 2841
1491 143 1569 186 167

148 253 334 299 petratam
361 257 496 298 pacem
525 244 571 283 ab
603 251 738 284 senatu
774 246 893 284 nihilo
912 246 1041 284 minus
1062 257 1131 296 per
1153 257 1263 284 suam
1287 246 1571 285 cunctationem

149 303 346 349 haberent,
370 314 597 353 oppugnare
618 302 760 340 Acilius
785 302 1031 353 Amphissam
1056 301 1196 340 statuit.
1232 300 1278 340 ab
1299 302 1481 340 Heraclea
1502 314 1572 352 per

145 360 282 399 Oetam
306 359 496 397 exercitus
528 370 573 397 eo
605 357 806 396 deductus.
857 370 946 397 cum
974 357 1020 396 ad
1046 358 1198 396 moenia
1222 363 1344 396 castra
1366 358 1571 409 posuisset,
1590 368 1610 399 5

147 428 228 454 non
259 427 415 461 corona,
446 415 545 453 sicut
576 414 760 460 Lamiam,
791 414 857 453 sed
891 413 1076 465 operibus
1098 426 1326 465 oppugnare
1352 413 1490 452 urbem
1512 421 1570 453 est

145 471 317 511 adortus.
363 470 541 521 pluribus
571 471 687 509 simul
707 471 801 509 locis
825 471 923 509 aries
944 470 1234 517 admovebatur,
1264 476 1299 509 et
1320 482 1410 509 eum
1431 477 1567 521 quate-

144 534 283 566 rentur
314 527 428 573 muri,
461 527 553 565 nihil
584 527 771 566 adversus
795 527 865 566 tale
887 526 1180 565 machinationis
1202 539 1324 578 genus
1347 539 1483 578 parare
1505 533 1570 566 aut

146 584 391 622 comminisci
424 583 607 634 oppidani
634 583 895 629 conabantur;
929 583 1057 621 onmis
1079 595 1168 633 spes
1188 583 1228 621 in
1251 583 1368 622 armis
1390 590 1426 622 et
1446 583 1566 622 auda-
1586 591 1606 625 6

143 640 201 679 cia
231 646 330 679 erat:
365 639 634 691 eruptionibus
666 639 812 678 crebris
846 645 882 678 et
904 640 1087 678 stationes
1110 639 1278 678 hostium
1303 646 1339 678 et
1361 652 1427 678 eos
1448 641 1568 691 ipSOS,

142 696 211 747 qui
234 697 333 735 circa
357 708 474 747 opera
497 703 533 735 et
554 696 751 735 machinas
773 702 892 741 erant,
925 695 1141 734 turbabant.
1171 696 1298 734 Multis
1323 702 1451 734 tamen
1474 697 1567 735 locis
1589 702 1617 741 6

143 753 334 791 decussus
369 765 506 791 murus
540 759 630 799 erat,
658 764 748 790 cum
776 752 944 790 adlatum
976 758 1031 791 est
1053 764 1323 791 successorem
1342 753 1569 803 Apolloniae

145 809 322 860 exposito
347 809 517 847 exercitu
539 821 608 859 per
629 809 790 859 Epirum
814 820 857 847 ac
879 809 1116 847 Thessaliam
1136 809 1280 847 venire.
1329 821 1419 847 cum
1442 808 1569 848 trede-
1589 814 1609 846 2

143 152 173 173 a.
193 143 243 171 Ch.
267 144 325 170 190.
577 141 701 175 LIBER
727 142 904 176 XXXVII.
950 141 1041 175 CAP.
1076 145 1105 176 5.
1131 144 1160 177 6.

144 866 219 904 cim
242 865 398 904 milibus
420 865 595 916 peditum
617 871 653 903 et
675 865 896 915 quingentis
912 864 1107 916 equitibus
1123 865 1260 903 consul
1277 865 1464 904 veniebat.
1495 865 1569 904 iam

142 922 184 960 in
205 922 333 960 sinum
356 922 557 960 Maliacum
582 927 761 967 venerat,
793 926 829 960 et
844 922 1066 972 praemissis
1090 921 1294 972 Hypatam,
1328 921 1395 973 qui
1419 921 1570 960 tradere

144 977 284 1017 urbem
315 978 505 1024 iuberent,
551 984 758 1028 postquam
795 978 889 1016 nihil
920 990 1155 1029 responsum
1191 983 1249 1017 est
1278 978 1352 1016 nisi
1383 990 1428 1016 ex
1459 990 1571 1016 com-

145 1035 255 1073 muni
277 1035 502 1073 Aetolorum
527 1034 682 1072 decreto
707 1036 890 1081 facturos,
922 1046 971 1072 ne
994 1040 1139 1073 teneret
1161 1046 1202 1073 se
1223 1034 1460 1085 oppugnatio
1486 1034 1571 1086 Hy-

142 1097 251 1142 patae
275 1091 452 1128 nondum
475 1090 680 1140 Amphissa
703 1097 865 1141 recepta,
888 1091 1103 1141 praemisso
1128 1093 1246 1129 fratre
1267 1091 1450 1129 Africano
1473 1091 1570 1129 Am-

143 1147 315 1198 phissam
346 1147 461 1185 (lucit.
511 1146 584 1185 sub
615 1146 826 1185 adventum
854 1160 992 1185 eorum
1024 1147 1208 1198 oppidani
1239 1147 1369 1186 relicta
1398 1147 1495 1186 urbe
1517 1170 1571 1174 —
1590 1158 1610 1190 3

141 1204 218 1242 iam
250 1203 352 1242 enim
385 1215 523 1254 magna
556 1216 602 1241 ex
629 1209 736 1253 parte
768 1203 973 1243 moenibus
1006 1204 1149 1242 nudata
1180 1209 1260 1242 erat
1281 1226 1335 1230 —-
1357 1203 1396 1242 in
1428 1215 1569 1251 arcem,

143 1272 261 1310 quam
282 1259 621 1311 inexpugnabilem
644 1259 796 1305 habent,
826 1272 963 1298 omnes
985 1260 1120 1299 armati
1140 1266 1254 1311 atque
1276 1260 1447 1299 inermes
1470 1272 1567 1299 con-

141 1328 307 1355 cessere.

259 1372 405 1411 Consul
425 1384 492 1411 sex
514 1371 617 1410 milia
639 1373 719 1410 sere
746 1384 933 1422 passuum
953 1372 1044 1411 inde
1066 1372 1197 1423 posuit
1221 1378 1354 1411 castra.
1395 1384 1440 1411 eo
1461 1372 1572 1424 legati
1590 1382 1613 1414 4

142 1517 228 1557 Zeit,
261 1527 287 1548 s.
322 1517 375 1556 27,
414 1517 468 1555 21,
504 1518 542 1555 33
578 1517 632 1554 29,
664 1517 717 1555 34,
748 1518 764 1548 7
791 1527 822 1547 u.

143 1573 186 1603 a.‚
212 1562 264 1594 die
291 1562 374 1593 uach
399 1571 425 1594 e.
445 1563 476 1601 4,
503 1563 519 1593 Τ
538 1561 635 1592 kaum
653 1561 824 1602 begonnen

143 1609 213 1640 hat.
230 1626 271 1630 --
291 1618 357 1639 non
380 1609 454 1646 imp.
475 1606 519 1638 ist
545 1606 594 1638 als
621 1607 680 1638 der
697 1607 823 1649 Haupt—

142 1653 267 1695 begrill'
288 1652 542 1694 vorangestellt‚
580 1656 672 1684 sonst
708 1652 823 1684 wiirde

143 1709 217 1731 man
235 1710 345 1739 pacem
368 1700 407 1730 ab
432 1709 497 1730 sen.
520 1709 552 1729 n.
586 1700 660 1738 imp.
695 1707 823 1729 erwar-

143 1748 212 1784 ten,
246 1754 271 1776 s.
305 1745 360 1784 36,
398 1745 452 1784 31,
490 1745 540 1776 lo.
568 1761 611 1765 —
634 1754 735 1784 suam,
766 1743 825 1775 der

143 1789 275 1830 Ro'mer,
313 1789 364 1821 die
399 1789 433 1820 in
472 1790 590 1820 aestiva
622 1800 683 1820 nur
721 1799 824 1829 ange-

144 1835 259 1867 deutet
271 1834 356 1873 sind,
378 1845 402 1868 s,
417 1835 471 1874 36,
487 1836 541 1874 40,
561 1836 610 1868 12.
625 1853 667 1857 -
681 1836 822 1874 Ηεναοῑ.,

142 1882 200 1921 36,
226 1882 280 1920 25,
306 1880 407 1911 dahin
433 1880 562 1911 scheint
587 1890 624 1911 er
648 1881 732 1911 nach
767 1880 825 1912 der

145 1925 340 1967 Erobernng
366 1935 430 1957 von
466 1925 579 1957 Lamia
612 1935 758 1966 gezogen
784 1936 825 1957 zu

143 1971 227 2003 sein.
260 1988 302 1993 --
322 1982 385 2011 per
409 1973 473 2003 Oet.
496 1975 570 2009 etc,
605 1971 667 2003 den
701 1970 823 2012 Corax,

147 2027 212 2048 von
231 2016 302 2048 dem
316 2016 444 2048 siidlich
463 2016 495 2047 in
513 2016 632 2048 Lokris
650 2016 825 2059 Amphissa

146 2061 213 2103 lag,
235 2061 365 2094 scheint
389 2071 424 2094 er
440 2071 624 2102 umgangen
641 2073 681 2093 zu
706 2062 823 2094 haben.

144 2106 326 2148 Uebrigens
351 2107 440 2148 zeigt
465 2108 550 2138 auch
575 2107 683 2139 dieser
701 2106 825 2139 Ueber-

142 2163 243 2194 gang,
270 2152 338 2193 vgl.
368 2154 422 2193 36,
451 2154 503 2193 30,
531 2153 605 2185 dass
628 2154 682 2195 36,
711 2155 761 2193 15,
786 2155 823 2187 11

148 2198 240 2229 nieht
268 2208 353 2239 ganz
377 2196 492 2229 scharf
523 2208 563 2229 zu
599 2199 736 2230 nehnien
770 2198 826 2232 ist.

147 2261 191 2266 —
216 2245 349 2283 deduce„
377 2253 442 2274 von
470 2243 528 2275 der
555 2243 645 2276 116118
671 2244 727 2276 des
754 2243 821 2276 Ge-

146 2288 275 2329 birges3
323 2288 453 2320 Andere
493 2288 584 2321 lesen
620 2292 740 2322 duetus.
783 2308 825 2312 -

142 2337 261 2374 operib.
282 2352 326 2357 -—
342 2336 491 2373 machin„
511 2334 578 2375 vgl.
607 2336 660 2375 25,
692 2337 742 2375 11,
765 2337 824 2369 10:

145 2391 216 2412 cum
249 2382 313 2412 iam
347 2381 617 2412 machinationum
651 2384 738 2413 omm'
772 2392 826 2423 qe-

145 2437 220 2458 nere
251 2432 281 2458 et
313 2427 457 2466 operibus
497 2432 747 2467 oppuqnareczcr.
784 2445 827 2449 —

143 2473 230 2503 nihil
263 2489 307 2494 -——
332 2483 450 2511 comm„
483 2471 601 2503 anders
634 2472 689 2513 36,
719 2473 772 2514 23,
797 2473 827 2505 2.

147 2535 189 2539 --
223 2528 274 2549 eos
305 2518 377 2558 ips„
421 2516 473 2548 die
512 2516 727 2548 unmittelbar
764 2517 826 2557 bei,

149 2559 209 2593 auf
232 2580 275 2585 —
300 2563 451 2603 standon,
479 2561 571 2594 nieht
598 2561 662 2594 wie
687 2562 739 2594 die
762 2569 830 2595 sta-

892 1520 990 1549 tiones
1018 1516 1139 1548 weiter
1163 1515 1310 1549 entfernt
1334 1527 1455 1550 waren.
1484 1556 1490 1561 ,

940 1560 978 1598 6.
1009 1562 1104 1595 1--3.
1132 1564 1262 1603 decusa,
1299 1563 1353 1602 33,
1386 1565 1435 1602 17,
1471 1563 1503 1596 9.
1528 1580 1572 1585 —-

893 1610 1014 1648 Apoll„
1032 1609 1086 1649 35,
1114 1609 1169 1647 24,
1190 1611 1220 1641 7.
1238 1626 1282 1630 —
1294 1619 1356 1648 per
1374 1610 1435 1648 Ep.
1454 1620 1482 1640 a.
1501 1610 1570 1648 Th„

894 1654 962 1684 wol
987 1652 1163 1685 denselben
1182 1653 1271 1694 VVeg
1296 1654 1360 1686 wie
1380 1655 1432 1694 36,
1460 1655 1512 1695 14,
1540 1655 1571 1694 3,

895 1699 980 1730 daun
1006 1708 1047 1729 an
1065 1698 1197 1741 Hypata
1216 1699 1372 1736 voriiber,
1399 1699 1502 1731 durch
1520 1699 1573 1731 die

894 1743 1150 1786 Thermopylen,
1185 1744 1250 1775 wie
1287 1754 1312 1778 c.
1350 1747 1381 1785 5,
1419 1747 1450 1784 4,
1488 1745 1574 1776 nach

894 1790 1010 1832 Amph.
1039 1807 1082 1811 —
1106 1791 1184 1822 tred.
1208 1792 1285 1829 mil„
1313 1790 1364 1822 die
1385 1800 1411 1822 e.
1437 1792 1469 1831 2,
1496 1792 1515 1823 2
1540 1802 1573 1822 u.

894 1838 926 1875 4,
958 1837 976 1868 3
1002 1834 1240 1867 hezeichneten
1257 1834 1427 1878 Truppen3
1453 1834 1571 1878 Polyb.
1596 1833 1599 1843 ⁸

893 1882 986 1912 hatte
1007 1880 1060 1912 1118
1085 1880 1171 1912 Zahl
1205 1881 1263 1913 der
1293 1880 1409 1913 Reiter
1441 1883 1574 1922 griisser

895 1926 1084 1968 angegeben
1110 1926 1159 1957 als
1189 1926 1242 1958 die
1274 1926 1480 1967 Annalisten,
1508 1927 1572 1959 wie

895 1973 948 2013 36,
990 1974 1040 2012 14,
1080 1973 1106 2004 1.
1131 1989 1175 1994 -
1199 1975 1260 2004 sin.
1294 1973 1386 2011 Mal„
1420 1973 1474 2012 36,
1520 1974 1571 2013 14,

898 2019 948 2050 12.
974 2036 1016 2041 —
1042 2023 1168 2049 venerat
1195 2016 1281 2058 folgt
1315 2018 1398 2048 nach
1433 2019 1574 2050 veniebat

894 2063 959 2094 und
979 2065 1096 2102 venire,
1114 2063 1178 2094 wie
1203 2063 1274 2095 sich
1297 2062 1453 2095 {ihnliche
1472 2063 1573 2095 Wie-

895 2108 1120 2149 derholungen
1146 2107 1200 2139 bei
1227 2108 1262 2139 L.
1288 2109 1372 2140 auch
1394 2112 1486 2140 sonst
1510 2108 1573 2140 fin-

894 2155 975 2194 111311,
1015 2154 1097 2185 doch
1134 2153 1179 2185 ist
1215 2163 1255 2185 an
1280 2164 1311 2184 u.
1353 2153 1412 2194 St.,
1448 2154 1488 2185 da
1521 2154 1573 2186 die

894 2200 965 2231 Hss.
1007 2198 1104 2230 meist
1149 2201 1224 2231 sinu
1271 2201 1407 2231 Maliaco
1454 2199 1572 2240 haben,

895 2244 987 2276 viell¹
1034 2247 1095 2275 iam
1128 2245 1221 2283 (oder
1257 2244 1341 2276 nach
1372 2245 1431 2276 der
1462 2245 1573 2277 Bamb.

896 2290 950 2322 Hs.
988 2293 1052 2321 iam
1087 2291 1181 2329 enim)
1219 2291 1253 2321 in
1286 2301 1312 2323 8.
1351 2291 1399 2323 M.
1435 2297 1502 2323 erac
1534 2300 1574 2322 zu

895 2336 986 2368 lesen
1012 2335 1077 2367 und
1108 2335 1215 2367 dieses
1244 2335 1308 2367 wie
1334 2345 1362 2370 c.
1401 2337 1432 2375 S,
1466 2338 1487 2369 4
1523 2335 1573 2367 als

896 2380 1098 2413 Parenthese
1124 2391 1164 2411 zu
1190 2381 1336 2413 nehmeu.

942 2429 1041 2459 4—5.
1080 2428 1196 2458 Consul
1227 2430 1303 2464 etc„
1336 2435 1431 2457 wenn
1467 2425 1501 2457 L.
1535 2435 1573 2457 so

898 2471 1112 2513 gesehrieben
1142 2473 1200 2503 hat
1221 2473 1346 2511 (consul
1381 2470 1482 2503 findet
1503 2470 1574 2503 sich

898 2528 959 2549 nur
992 2517 1023 2548 in
1056 2517 1114 2549 der
1146 2517 1209 2549 Mz.
1251 2517 1328 2557 Hs),
1370 2527 1406 2548 so
1445 2517 1491 2548 ist
1522 2516 1576 2548 die

898 2562 1114 2603 Darstellung
1153 2563 1208 2595 des
1248 2561 1318 2594 Pol.
1356 2566 1460 2594 etwas
1497 2571 1577 2594 ver-
