1747 2841
220 132 277 173 44
643 130 769 163 LIBER
798 128 946 164 XXXV.
975 130 1067 163 CAP.
1093 133 1146 166 27.
1173 133 1226 166 28.

1495 138 1522 156 a.
1541 138 1570 158 u.
1589 130 1651 158 562.

222 235 284 273 bat
303 233 586 285 Philopoemen
605 239 818 285 tyrannum
837 234 1115 273 mercennariis
1137 233 1332 281 militibus,
1359 234 1503 285 quibus
1522 234 1648 285 pluri-

162 297 202 329 16
224 303 333 329 mum
353 291 499 337 fideret,
528 290 574 329 ab
601 296 708 341 tergo
730 302 823 329 suos
845 290 1136 341 adgressurum.
1178 291 1276 335 duae
1297 303 1359 330 res
1382 291 1498 329 simul
1517 291 1649 342 inopi·

224 353 332 386 natae
357 347 610 398 perculerunt
640 359 742 394 eum,
772 359 849 385 una
873 353 1179 398 praeoccupatus
1211 359 1329 398 quem
1353 347 1507 397 petebat
1526 348 1649 395 locus,
1670 353 1675 357 ”

225 404 352 448 altera,
385 404 490 454 quod
515 404 641 454 primo
665 403 809 454 agmini
831 403 1050 441 occurrisse
1070 404 1222 442 hostem
1244 403 1435 451 cernebat,
1456 403 1535 451 ubi,
1558 416 1650 443 cum

224 473 294 510 per
314 460 397 498 loca
419 462 647 510 confragosa
667 460 738 498 iter
760 465 871 503 esset,
893 459 976 498 sine
996 459 1090 498 levis
1105 465 1321 498 armaturae
1336 460 1528 510 praesidio
1541 460 1650 511 signa

145 520 203 560 28
225 517 316 555 ferri
338 529 419 554 non
439 516 592 554 videbat
614 528 741 566 posse.

792 517 883 555 Erat
904 522 1032 555 autem
1053 516 1334 566 Philopoemen
1357 517 1587 567 praecipuae
1606 517 1648 563 in

224 573 403 611 ducendo
429 573 582 623 agmine
601 573 776 623 locisque
800 573 996 623 capiendis
1013 572 1189 611 solertiae
1209 578 1323 623 atque
1342 585 1451 620 usus,
1470 585 1542 611 nec
1556 572 1645 612 belli

223 635 373 668 tantum
401 629 655 679 temporibus,
687 629 753 667 sed
787 629 900 668 etiam
919 629 959 667 in
985 641 1080 680 pace
1102 641 1142 667 se
1163 628 1210 667 ad
1232 629 1271 667 id
1296 629 1462 668 maxime
1483 641 1648 669 exercu-

183 697 202 729 2
225 691 314 724 erat.
359 685 426 723 ubi
451 685 523 724 iter
552 685 737 736 quopiam
769 687 911 724 faceret
941 691 977 724 et
1007 686 1053 723 ad
1086 685 1283 724 difficilem
1313 686 1477 724 transitu
1508 686 1649 725 saltum

224 741 402 788 venisset,
434 742 716 792 contemplatus
745 742 791 780 ab
821 742 928 781 omni
957 748 1065 792 parte
1095 742 1170 780 loci
1200 747 1390 789 naturam,
1421 754 1510 781 cum
1542 742 1649 781 solus

221 798 304 845 iret,
329 810 462 836 serum
477 798 559 848 ipse
577 798 741 849 agitabat
762 799 906 843 animo,
928 811 1017 837 cum
1031 799 1191 837 comites
1203 798 1372 845 haberet,
1394 798 1440 837 ab
1454 799 1513 837 his
1526 811 1648 849 quae—

182 864 203 896 3
222 854 340 899 rebat,
371 854 403 892 si
427 854 548 893 hostis
570 867 615 893 eo
637 855 723 893 loco
747 856 1000 906 apparuisset,
1028 855 1133 905 quid,
1166 855 1197 893 si
1219 867 1239 893 a
1259 856 1400 901 fronte,
1426 855 1531 905 quid,
1553 855 1586 893 si
1601 855 1648 894 ab

222 911 338 949 latere
361 911 436 948 hoc
460 917 525 949 aut
546 911 622 957 illo,
654 911 759 961 quid,
788 912 820 950 si
843 911 889 950 ab
912 918 1019 962 tergo
1042 911 1274 958 adoriretur,
1297 911 1529 962 capiendum
1551 923 1650 950 con-

222 967 294 1005 silii
315 968 437 1013 foret;
461 979 576 1017 posse
598 967 810 1006 instructos
828 968 981 1007 derecta
1003 968 1094 1015 acie,
1115 980 1232 1018 posse
1246 968 1492 1007 inconditum
1511 979 1652 1019 agmen

180 1032 202 1064 4
222 1029 258 1061 et
287 1023 556 1062 tantummodo
583 1029 716 1074 aptum
745 1024 826 1062 viae
854 1037 1071 1063 occurrere.
1117 1037 1233 1075 quem
1257 1024 1388 1062 locum
1408 1025 1490 1076 ipse
1513 1030 1650 1075 captu-

219 1092 286 1118 rus
309 1085 420 1125 esset,
451 1080 654 1130 cogitando
677 1086 743 1119 aut
764 1081 989 1132 quaerendo
1012 1080 1288 1131 exequebatur,
1318 1087 1384 1120 aut
1404 1087 1502 1132 quot
1520 1093 1650 1120 arma-

217 1235 290 1266 sich
336 1236 420 1266 auch
456 1233 515 1267 auf
551 1235 662 1267 diesen
698 1235 724 1267 F
729 1236 775 1267 all
811 1236 896 1268 habe

219 1280 343 1312 deckeu
368 1281 508 1321 wollen,
537 1281 644 1322 nicht,
675 1282 749 1313 dass
775 1292 811 1313 er
835 1282 896 1313 den

218 1325 348 1366 Angrilf
388 1326 557 1357 bestimmt
598 1331 759 1358 erwartet
800 1327 896 1367 habe,

220 1371 260 1402 da
286 1381 323 1402 er
347 1372 432 1402 uach
456 1373 472 1410 ἓ
495 1373 546 1412 13,
570 1372 637 1412 vgl.
653 1372 672 1410 ἓ
693 1374 732 1405 16
751 1375 899 1413 inopinu-

217 1423 283 1455 tae,
321 1415 423 1448 Nabis
449 1417 533 1448 noch
558 1426 618 1448 vor
644 1416 811 1459 Gytheum
838 1418 897 1449 he-

218 1460 381 1502 sch‘ziftigt
406 1461 532 1502 glaubt.
564 1481 598 1484 —
626 1474 784 1495 mercena.
821 1466 899 1505 mil„

219 1518 255 1539 er
279 1512 401 1539 musste
427 1517 544 1548 wegen
573 1508 629 1539 des
656 1507 690 1539 in
716 1510 832 1549 quibus
857 1526 899 1531 -

211 1555 276 1594 fid.
296 1552 530 1593 angegebeneu
549 1552 710 1593 Grandes,
732 1555 818 1585 auch
832 1553 898 1585 wol

219 1608 334 1639 wcgen
362 1599 417 1630 des
444 1598 502 1629 der
522 1597 673 1630 Phalanx
700 1599 792 1630 nicht
815 1600 899 1640 glin-

218 1644 328 1683 stigen
341 1643 510 1683 Terrains,
530 1654 594 1675 von
604 1643 715 1676 diesen
725 1645 898 1685 zuniichst,

219 1689 294 1729 und,
322 1699 418 1721 wem]
431 1690 515 1720 auch
529 1688 631 1721 Nabis
647 1700 711 1721 von
731 1689 898 1732 Gytheum

217 1736 278 1766 her
322 1734 389 1765 ihm
423 1738 641 1775 entgegen
676 1735 783 1776 k‘ame,
821 1746 897 1767 vom

220 1779 354 1811 Riickeu
380 1780 439 1811 her
457 1780 552 1812 einen
569 1780 704 1821 Angriff
718 1785 894 1813 erwarten.

219 1843 265 1847 ——
282 1827 367 1866 quib.
383 1828 431 1864 pl.
452 1826 487 1866 f„
508 1825 572 1857 wic
593 1827 646 1866 34,
671 1827 726 1867 28,
754 1828 782 1860 8.
804 1838 902 1866 prae-

219 1882 327 1910 oeoup.
353 1873 420 1909 loc„
447 1871 505 1903 der
534 1870 691 1903 Umstand
717 1872 792 1903 dass
817 1883 847 1904 u.
873 1883 898 1904 s.

220 1926 262 1947 w.
299 1916 344 1948 ist
385 1915 458 1948 hier
492 1927 576 1957 ganz
611 1917 683 1949 dein
708 1917 806 1949 Satze
840 1917 901 1949 mit

219 1964 305 2003 quod
326 1961 434 2003 gleich
458 1962 613 2003 gestellt',
651 1973 676 1994 s.
703 1973 728 1994 c.
760 1965 811 2004 11,
849 1965 899 1996 12.

221 2025 264 2029 ——
293 2009 451 2049 conso-aq„
478 2018 530 2039 wo
551 2007 603 2039 die
621 2007 900 2040 Schwerbewaff-

220 2056 317 2084 neten
354 2052 445 2084 nicht
469 2052 503 2084 in
530 2053 785 2094 geschlossenen
805 2053 899 2086 Glie-

221 2098 301 2129 dern
340 2098 546 2130 marschiren
577 2099 741 2141 konnten,
779 2110 804 2131 s·
842 2101 896 2139 38,

219 2145 274 2183 40,
307 2145 335 2176 6.

267 2185 336 2224 28.
366 2190 461 2221 1-6.
487 2191 562 2221 locis
578 2200 657 2229 cap„
685 2201 711 2222 c.
736 2191 787 2231 14,
806 2191 836 2223 9.
858 2208 898 2214 —

217 2245 291 2276 mc,
323 2234 511 2266 erkliirend.
546 2253 588 2257 —
621 2237 679 2267 ubi
701 2254 743 2258 —
761 2237 898 2277 faceret,

219 2279 284 2310 wie
316 2291 388 2312 oum
423 2298 466 2301 —
500 2282 561 2313 iret
591 2298 637 2304 —
666 2283 793 2314 haberet
819 2293 898 2324 sqq„

221 2324 371 2365 iterativ,
397 2335 422 2356 s.
445 2326 497 2365 32,
530 2327 579 2365 17,
611 2327 668 2366 133
696 2330 749 2368 44,
777 2328 831 2367 33,
859 2329 898 2368 63

221 2372 272 2409 25,
300 2371 353 2410 38,
382 2373 412 2410 5,
443 2380 482 2402 zu
500 2372 554 2409 21,
581 2372 636 2411 42,
663 2374 702 2411 43
727 2373 900 2413 ubifacer,

219 2414 264 2446 ist
306 2415 378 2447 dem
414 2413 493 2456 folg.
533 2415 632 2448 Satze
671 2417 897 2459 beigcordnet,

218 2463 305 2491 statt
329 2463 390 2493 iter
406 2462 534 2502 jaciens
559 2479 601 2485 —
625 2465 759 2495 venisset
782 2481 827 2486 —
852 2475 899 2496 se-

219 2516 288 2538 cum
311 2508 377 2546 ipse
403 2508 543 2548 aqitabat
565 2524 608 2530 —
637 2519 707 2541 cum
731 2512 816 2541 solue
840 2511 901 2542 iret

220 2554 300 2591 ete,
335 2551 402 2592 vgl.
428 2551 514 2583 Plut.
541 2562 567 2584 c.
594 2555 633 2594 4,
668 2555 704 2587 5:
737 2553 801 2588 ἐπὶ
826 2556 900 2589 τῶν

964 1233 1223 1272 τόπωναῦτῶ)
1233 1233 1439 1281 ἐλάμβανεν
1451 1235 1655 1279 ἔλεγχον-

959 1286 1109 1336 χωριων
1137 1279 1419 1324 ovy2211aa;.-—
1438 1281 1652 1315 ἐπισκοπῶν

968 1326 1078 1365 αὐτὸς
1110 1327 1204 1372 πρὸς
1237 1325 1352 1360 αὐτὸ]
1376 1326 1416 1360 ἐν
1448 1329 1525 1364 ταῖς
1547 1324 1651 1360 ὁδοι-

969 1376 1120 1419 ποοιαις
1132 1374 1192 1405 καὶ
1211 1375 1288 1408 τοῖς
1301 1369 1385 1417 μεθ
1403 1371 1538 1405 ἑαιτοῦ
1556 1384 1652 1417 προ-

968 1406 1037 1461 βάλ
1042 1420 1122 1452 lun.
1150 1436 1193 1440 —
1205 1429 1298 1458 posse
1312 1436 1352 1440 —
1375 1429 1521 1450 ocurrere
1536 1419 1652 1450 stchcn

968 1463 1205 1505 giamlnatisch
1242 1463 1303 1495 mit
1339 1464 1411 1494 dem
1442 1463 1651 1504 xffloihfflgeh.

969 1510 1035 1541 und
1079 1508 1105 1540 F
1110 1509 1174 1550 olg.
1216 1509 1308 1540 nicht
1351 1509 1385 1540 in
1422 1508 1451 1540 V
1456 1508 1651 1550 eibindung,

968 1555 1041 1587 sind
1088 1555 1168 1586 aber
1204 1555 1271 1586 wol
1319 1564 1361 1585 an
1407 1554 1505 1586 Jeues
1549 1564 1653 1586 anzu-

969 1600 1162 1639 schliessen,
1191 1600 1232 1631 da
1260 1599 1356 1631 darin
1385 1601 1470 1631 noch
1495 1610 1559 1631 von
1590 1600 1650 1631 den

968 1645 1114 1677 Feinden
1139 1645 1190 1677 die
1210 1645 1299 1677 Rede
1317 1645 1372 1685 ist,
1390 1645 1562 1684 w'zihrcnd,
1582 1644 1647 1677 xw‘e

967 1694 1034 1731 ime
1060 1691 1126 1723 und
1152 1691 1203 1722 die
1225 1690 1491 1731 VViederholuug
1511 1691 1570 1723 der
1591 1689 1613 1732 ξ
1631 1691 1651 1723 2

968 1738 1105 1778 vorgeh.
1121 1736 1263 1777 Begriffe
1290 1736 1324 1768 in
1348 1738 1652 1777 coyz'tando—-exe-

970 1784 1124 1824 quebatur
1142 1781 1243 1822 zeigt,
1270 1781 1342 1813 eine
1362 1791 1444 1813 neue
1467 1781 1570 1813 Reihe
1590 1781 1650 1814 be-

971 1827 1216 1869 ginnt.—quem
1227 1830 1301 1868 ete„
1313 1826 1496 1859 dubitative
1506 1826 1649 1868 Fragen.

970 1891 1014 1896 —
1041 1876 1224 1914 instructos,
1251 1883 1322 1904 zum
1340 1871 1478 1915 Hampfc
1503 1873 1654 1914 geriistet

970 1919 1035 1950 und
1062 1919 1094 1950 in
1121 1918 1207 1951 Reih
1226 1919 1293 1950 und
1325 1917 1423 1950 Glied
1449 1918 1597 1959 gestellt,
1623 1929 1650 1950 s.

974 1966 1025 2005 10,
1064 1965 1118 2004 36,
1156 1966 1191 1998 1:
1224 1966 1292 1996 suis
1324 1966 1460 2004 quisque
1484 1965 1652 1996 ordinibus

970 2013 1136 2043 instruunt
1160 2012 1265 2043 aciem.
1300 2027 1344 2031 -
1369 2011 1490 2042 derecta
1521 2021 1585 2050 aa,
1617 2009 1652 2041 in

969 2056 1073 2087 sehon
1098 2055 1284 2097 gebildeter
1301 2054 1553 2096 Schlachtlinie,
1576 2054 1650 2087 dem

968 2103 1093 2133 incond.
1134 2111 1245 2142 aymeu
1277 2099 1473 2142 gegeniiber,
1513 2102 1566 2141 34,
1593 2101 1651 2143 28,

969 2148 1006 2180 6:
1039 2149 1105 2179 acie
1139 2149 1262 2179 derecta
1289 2147 1455 2186 paulisper
1478 2151 1652 2186 steterunt,-

968 2194 1022 2233 40,
1051 2193 1104 2232 30,
1131 2193 1169 2231 63
1195 2191 1262 2232 vgl.
1288 2192 1342 2232 37,
1370 2191 1426 2233 23,
1452 2193 1492 2231 73
1517 2190 1652 2223 Andere

968 2237 1060 2269 lesen
1096 2243 1181 2270 recca
1204 2248 1270 2277 aa,
1316 2236 1349 2267 in
1381 2237 1523 2278 gerader
1545 2236 1652 2268 Front

969 2282 1156 2324 gegeniiber
1186 2282 1347 2321 stehend,
1387 2283 1449 2323 34,
1486 2284 1547 2322 28,
1591 2283 1651 2316 11:

967 2331 1052 2361 velut
1074 2334 1175 2360 rectae
1197 2330 1282 2360 acies
1309 2329 1554 2368 concurrissent,
1579 2330 1652 2360 ent-

969 2384 1074 2415 gegen
1117 2374 1188 2405 dem
1224 2372 1361 2414 Angriff
1392 2383 1468 2404 vom
1504 2372 1651 2412 Riicken,

968 2418 1037 2460 vgl.
1064 2428 1090 2450 c.
1120 2421 1151 2459 4,
1181 2421 1217 2452 7:
1244 2425 1326 2452 recto
1344 2421 1650 2459 proelia—aptum

968 2467 1037 2497 viae
1062 2465 1141 2504 (viae
1165 2464 1269 2496 durch
1293 2463 1346 2496 die
1373 2463 1527 2504 Stellung
1552 2463 1652 2505 geho-

969 2509 1056 2551 ben),
1082 2520 1108 2542 s.
1136 2511 1176 2550 3,
1202 2511 1264 2551 27,
1303 2510 1334 2543 6.
1360 2527 1405 2532 -
1434 2511 1596 2551 εκεᾳαεό.,
1623 2518 1652 2541 c.

973 2557 1032 2596 14,
1074 2557 1133 2597 10,
1167 2555 1242 2588 hier
1274 2554 1533 2597 ungewiihnlich
1567 2554 1654 2586 auch
