1747 2841
40 151 41 154 Ἴ
91 175 119 194 a.
140 163 191 191 Ch.
210 163 271 190 189.

497 163 621 197 LIBER
645 163 840 198 XXXVIII.
876 163 968 197 CAP.
998 165 1052 198 31.
1078 165 1130 198 32.
1439 162 1522 206 323

95 274 208 315 esset,
231 267 446 318 caedesque
468 266 519 306 ibi
539 268 647 312 sacta,
669 267 736 318 qui
758 267 841 306 eius
861 267 916 306 rei
935 271 1112 305 auctores
1132 265 1357 317 adfinesque
1380 272 1520 313 essent,

93 326 168 365 nisi
190 325 424 364 dederentur
447 324 620 370 Achaeis,
652 324 835 363 violatum
856 323 978 362 videri
1000 322 1150 361 foedus.
1181 322 1227 360 ad
1249 322 1518 373 exposcendos
1538 330 1557 362 3

90 394 161 422 eos
195 381 304 433 legati
334 380 527 431 extemplo
557 380 888 419 Lacedaemonem
925 379 1030 418 missi
1069 384 1173 417 sunt.
1230 378 1267 417 id
1308 378 1516 430 imperium

95 438 189 477 adeo
216 436 429 489 superbum
465 443 501 475 et
531 436 735 488 indignum
767 434 1082 475 Lacedaemoniis
1112 435 1240 473 visum
1272 441 1348 482 est,
1394 441 1455 481 ut,
1487 435 1518 474 si

92 494 250 545 antiqua
280 493 442 532 civitatis
471 495 627 532 fortuna
659 499 771 539 esset,
804 492 904 531 haud
937 491 1053 530 dubie
1078 503 1183 530 arma
1210 491 1403 543 extemplo
1425 503 1517 542 cap-

94 551 171 590 turi
202 550 357 589 fuerint.
399 550 566 588 maxime
597 555 724 588 autem
755 548 1017 594 consternavit
1043 560 1109 587 eos
1140 554 1287 594 metus,
1328 548 1359 587 si
1400 548 1558 592 semel4

91 607 230 658 primis
258 606 430 657 imperiis
451 606 694 645 oboediendo
716 607 850 657 iugum
879 605 1128 655 accepissent,
1160 616 1220 650 ne,
1251 604 1287 643 id
1311 604 1416 655 quod
1441 604 1515 643 iam

91 663 159 702 diu
195 663 396 701 moliretur
424 663 725 713 Philopoemen,
767 661 945 701 exulibus
974 661 1306 700 Lacedaemonem
1339 661 1517 700 traderet.

92 722 266 759 furentes
297 720 412 770 igitur
442 719 496 758 ira
538 719 691 770 triginta
732 718 957 757 hominibus
997 730 1044 756 ex
1085 718 1271 764 factione,
1310 729 1400 755 cum
1441 724 1556 768 qua5

90 776 345 815 consiliorum
376 776 500 826 aliqua
531 776 691 814 societas
722 774 1016 826 Philopoemeni
1053 779 1168 824 atque
1208 773 1384 812 exulibus
1424 780 1515 821 erat,

89 832 302 872 interfectis
326 833 582 871 decreverunt
602 831 900 870 renuntiandam
924 831 1144 869 societatem
1165 830 1327 869 Achaeis
1348 830 1515 881 legatos-

89 900 168 940 que
199 889 392 940 extemplo
423 888 708 939 Cephallaniam
741 888 970 933 mittendos,
1011 887 1078 938 qui
1118 887 1268 926 consuli
1298 887 1347 925 M.
1377 887 1514 925 Fulvio

91 946 238 996 quique
270 945 455 985 Romanis
487 945 819 983 Lacedaemonem
850 943 1037 982 dederent
1065 949 1297 994 orarentque
1330 955 1443 990 eum,
1475 945 1555 982 ut6

91 1002 241 1041 veniret
273 1002 312 1040 in
334 1001 669 1052 Peloponnesum
709 1001 754 1039 ad
796 999 934 1039 urbem
965 1000 1297 1039 Lacedaemonem
1327 1000 1367 1038 in
1398 999 1514 1038 fidem

90 1058 362 1109 dicionemque
382 1058 517 1109 populi
527 1058 693 1097 Romani
715 1057 989 1108 accipiendam.
1014 1057 1055 1096 Id
1075 1056 1140 1095 uhi
1155 1057 1266 1107 legati
1282 1056 1328 1095 ad
1341 1057 1514 1095 Achaeos
1534 1062 1593 1103 32

89 1115 333 1161 rettulerunt,
366 1114 541 1153 omnium
575 1114 806 1160 civitatium,
838 1126 936 1165 quae
968 1114 1051 1152 eius
1082 1113 1233 1152 concilii
1265 1118 1385 1159 erant,
1417 1125 1514 1151 con-

88 1183 209 1210 sensu
224 1171 369 1210 bellum
385 1171 699 1209 Lacedaemoniis
715 1171 904 1209 indictum
927 1176 996 1209 est.
1018 1182 1067 1209 ne
1087 1170 1279 1221 extemplo
1304 1175 1515 1221 gereretur,

90 1228 214 1267 hiems
243 1227 434 1278 impediit;
476 1227 766 1266 incursionibus
807 1233 935 1266 tamen
976 1227 1127 1278 parvis,
1166 1226 1355 1265 latrocinii
1393 1226 1553 1277 magis2

89 1296 208 1335 quam
239 1284 325 1323 belli
357 1284 487 1330 modo,
518 1296 599 1322 non
630 1290 731 1323 terra
759 1290 908 1322 tantum
939 1284 1005 1322 sed
1038 1283 1150 1322 etiam
1177 1282 1340 1322 navibus
1370 1295 1391 1322 a
1418 1283 1514 1321 mari

92 1342 186 1380 fines
203 1353 339 1380 eorum
356 1341 500 1379 vastati.
522 1341 585 1379 hic
596 1341 785 1379 tumultus
799 1340 1001 1379 consulem
1012 1339 1331 1391 Peloponnesum
1343 1339 1515 1386 adduxit,
1533 1350 1553 1383 3

89 1398 280 1449 iussuque
297 1398 380 1436 eius
401 1397 486 1436 Elin
502 1397 664 1435 concilio
681 1397 825 1436 indicto
839 1396 1134 1436 Lacedaemonii
1151 1396 1198 1435 ad
1219 1396 1515 1447 disceptandum

85 1455 209 1493 acciti.
254 1466 391 1505 magna
422 1454 474 1492 ibi
495 1466 575 1492 non
600 1453 821 1505 disceptatio
852 1454 971 1493 modo
1002 1453 1068 1493 sed
1101 1453 1293 1492 altercatio
1326 1453 1419 1500 fuit,
1452 1452 1554 1498 cuiq

87 1588 148 1620 mit
183 1588 244 1619 den
279 1587 431 1627 Riimern,
473 1589 527 1627 34,
568 1589 622 1628 35,
659 1589 690 1622 2.
725 1605 771 1610 —
840 1587 884 1619 ist
910 1587 1075 1619 natiirlich
1101 1585 1214 1619 friiher
1239 1586 1289 1619 als
1314 1586 1366 1618 die
1400 1596 1426 1618 c.
1458 1587 1512 1627 30,

87 1640 259 1675 oppuqnat.
284 1644 314 1668 n.
338 1635 375 1665 ῐιὸ
402 1636 451 1665 iis.
476 1651 521 1656 —
545 1636 588 1665 ad
601 1636 687 1675 fin,
715 1635 768 1675 39,
843 1636 861 1667 5
889 1633 1056 1674 gehalten,
1083 1643 1106 1665 s.
1131 1634 1149 1672 ἓ
1177 1634 1205 1666 3.
1230 1650 1274 1655 --
1298 1634 1414 1672 hiems,
1449 1642 1514 1663 von

93 1681 143 1719 14,
170 1681 200 1712 4.
843 1681 905 1713 189
932 1677 992 1710 auf
1017 1679 1268 1712 188.-—lacroc.
1294 1689 1389 1720 may„
1414 1687 1442 1710 c.
1459 1680 1514 1718 45,

135 1725 235 1758 3—6.
278 1731 355 1757 esset
402 1723 466 1756 wie
517 1726 578 1763 37,
625 1725 686 1764 34,
729 1727 768 1757 7:
840 1727 869 1757 7.
896 1742 940 1747 —
963 1726 1015 1756 hic
1037 1731 1114 1757 twm.
1140 1725 1237 1765 geht,
1271 1723 1430 1755 nachdem
1462 1723 1515 1755 die

86 1776 237 1803 maneret.
259 1788 303 1792 -—
318 1776 385 1803 ant.
401 1772 506 1812 fort„
552 1770 610 1802 der
636 1769 768 1802 friihere
839 1769 1090 1805 Verh'dltnisse,
1125 1779 1161 1801 so
1187 1769 1267 1801 weit
1291 1769 1339 1801 sie
1364 1769 1434 1801 sich
1459 1767 1520 1800 auf

840 1815 1046 1847 Lacediimon
1085 1815 1261 1854 beziehen,
1314 1814 1515 1856 nachgeholt

837 1861 930 1902 sind,
968 1859 1028 1893 auf
1059 1871 1084 1892 c.
1120 1862 1180 1899 30,
1208 1862 1227 1894 6
1255 1861 1398 1901 zuriick3
1432 1861 1515 1892 doch

90 1815 372 1857 Gliickszustand,
397 1815 449 1847 die
474 1814 605 1855 Macht‚
644 1815 695 1848 die
720 1816 768 1848 sie

88 1862 121 1893 in
155 1861 242 1893 alter
278 1860 354 1893 Zeit
378 1861 501 1902 gehabt
532 1862 668 1903 hatten,
701 1862 767 1902 vgl.

89 1908 145 1948 37,
170 1909 224 1947 54,
250 1908 303 1940 24.
331 1924 377 1928 —
399 1913 523 1946 captur.
540 1907 589 1948 f.,
628 1909 682 1947 37,
715 1909 766 1945 14,
836 1907 921 1938 wird
966 1906 1039 1938 hier
1073 1906 1125 1938 die
1159 1905 1416 1938 Gesandtschaft
1449 1916 1514 1937 von

89 1955 121 1986 5.
149 1970 193 1975 -
217 1955 310 1984 semel
324 1954 454 1993 primis,
481 1963 543 1984 nur
563 1952 683 1984 einmal
702 1953 767 1984 und
836 1952 976 1993 Aegium
1002 1952 1094 1984 nicht
1119 1951 1244 1984 wieder
1270 1953 1432 1984 erwiihnt.
1470 1969 1514 1974 —

87 1997 239 2040 sogleich
262 1998 322 2030 den
351 2002 472 2039 ersten,
499 1999 567 2040 vgl.
587 1999 640 2039 35,
664 2000 714 2038 17,
737 2001 766 2031 7.
835 2000 1091 2038 Peloponnesum,
1116 2008 1142 2030 s.
1164 1998 1217 2037 36,
1238 1998 1292 2037 42,
1311 2000 1342 2030 4.
1360 2014 1405 2020 —-
1424 1999 1514 2039 Elin,

89 2062 133 2067 —
154 2045 267 2076 Laced.
291 2046 422 2084 trader„
441 2054 468 2075 c.
483 2045 536 2083 34,
557 2046 586 2083 5,
605 2054 639 2076 es
652 2054 765 2076 waren

91 2089 270 2122 besonders
295 2089 405 2121 reiche
431 2090 496 2121 und
521 2090 765 2122 einflussreiche

88 2133 251 2166 Familien
303 2135 486 2175 verhannt,
539 2135 638 2167 deren
680 2135 765 2167 Ver-

88 2182 205 2222 mb'gen
237 2179 326 2221 jetzt
363 2180 494 2212 Andcre
529 2181 695 2213 besassen.
726 2199 762 2204 —-

87 2233 236 2266 remant„
263 2236 288 2258 s.
319 2227 381 2265 25,
414 2228 472 2266 18,
499 2227 538 2266 93
565 2227 626 2267 36,
654 2228 692 2266 3,
727 2229 765 2266 53

87 2274 208 2312 societ„
249 2273 311 2311 35,
339 2273 391 2304 37.
425 2290 463 2293 —
498 2274 632 2313 quique,
669 2271 766 2304 daffir

87 2316 186 2349 sollte
211 2327 286 2348 man
311 2327 339 2348 a.
364 2328 395 2349 u.
421 2317 468 2349 St.
501 2324 529 2350 et
563 2318 641 2350 oder
673 2324 766 2359 aique

87 2366 275 2401 erwarten,
313 2373 338 2394 s.
374 2364 434 2401 37,
463 2365 524 2403 45,
554 2364 586 2403 3,
612 2363 678 2405 vgl.
711 2365 764 2405 26,

89 2409 143 2449 33,
173 2409 232 2448 13;
258 2408 339 2440 iiber
363 2411 480 2450 quique
507 2419 532 2440 s.
565 2410 626 2449 36,
653 2411 691 2448 7,
724 2411 762 2449 ὃς

88 2452 192 2496 praef.
218 2457 249 2488 4.
277 2471 320 2476 -—
348 2456 465 2494 dedan,
495 2454 558 2486 wie
585 2457 615 2495 7,
642 2456 694 2488 31.

135 2541 203 2580 32.
233 2545 329 2578 1-3.
354 2548 421 2577 eius
445 2556 540 2583 cona,
562 2555 588 2576 s.
613 2554 641 2576 c.
664 2546 717 2585 30,
733 2546 762 2577 2.

87 2588 146 2621 Die
186 2590 259 2622 hier
298 2591 470 2622 erwiihnte
513 2589 764 2632 Versammlung

838 2043 889 2075 ‹lie
917 2043 1056 2084 Endung
1081 2043 1144 2075 wie
1171 2053 1196 2074 c.
1231 2045 1282 2083 15,
1309 2043 1348 2083 2,
1374 2044 1429 2083 35,
1457 2043 1512 2082 36,

840 2091 897 2129 10;
939 2091 992 2127 37,
1035 2091 1085 2127 13,
1127 2091 1197 2122 lu.
1224 2098 1271 2128 a.,
1311 2088 1413 2120 neben
1449 2091 1515 2126 im,-

835 2135 888 2166 die
902 2134 1152 2175 Versammlung
1169 2133 1297 2165 scheint
1317 2134 1359 2165 im
1373 2133 1512 2166 Herbste

836 2181 915 2212 oder
935 2180 1070 2212 NVinter
1094 2181 1158 2213 565
1185 2183 1268 2211 statt
1293 2178 1455 2221 gefuuden
1472 2190 1512 2211 zu

834 2225 953 2265 haben,
982 2236 1007 2259 c.
1036 2227 1089 2264 35,
1122 2227 1157 2265 13
1183 2224 1231 2256 sie
1251 2224 1335 2256 wird
1361 2225 1394 2256 in
1420 2224 1513 2257 einer

835 2276 904 2303 erst
945 2281 1006 2302 vor
1037 2269 1196 2310 fiurzem,
1241 2281 1266 2302 s.
1304 2272 1364 2311 36,
1395 2272 1457 2311 35,
1480 2272 1511 2310 7,

834 2327 906 2348 zum
943 2317 1054 2348 Bunde
1089 2320 1281 2357 getretenen
1318 2315 1416 2348 Stadt
1452 2325 1511 2358 ge-

835 2362 959 2394 halten.

879 2410 980 2441 4—5.
1015 2410 1159 2448 diu-epa:
1202 2406 1269 2439 wol
1309 2407 1393 2438 auch
1425 2405 1512 2438 Ver-

833 2454 1022 2495 handlung,
1064 2453 1147 2484 doch
1181 2453 1284 2494 mehr,
1331 2452 1511 2494 eigentlich

833 2510 863 2530 u.
889 2510 914 2530 s.
943 2509 996 2539 w.‚
1027 2499 1091 2530 wie
1118 2500 1172 2538 35,
1203 2500 1253 2537 17,
1283 2500 1321 2538 23
1346 2498 1428 2530 iiber
1446 2509 1510 2530 non

832 2546 922 2576 modo
950 2562 995 2567 —-
1019 2547 1082 2585 aed,
1109 2555 1135 2577 S.
1166 2546 1194 2583 1,
1220 2546 1274 2584 40,
1304 2545 1337 2584 13
1364 2542 1404 2576 Ii.
1424 2544 1509 2581 353z

833 2590 899 2630 vgl.
928 2592 982 2630 37,
1015 2592 1064 2629 16,
1087 2591 1143 2623 12:
1168 2600 1234 2621 non
1251 2591 1354 2622 solum
1373 2607 1417 2612 -—
1437 2591 1508 2630 κάς

1202 2647 1239 2678 21
1257 2645 1273 2659 *
