1747 2841
107 99 136 119 ι.
158 91 210 119 ch.
233 91 292 119 lm.

531 90 657 124 LIBER
675 90 854 124 xxxvii.
878 91 971 124 CAP.
990 93 1043 126 25.
1065 92 1118 125 26.

1452 90 1534 134 201

111 196 337 248 reliquisse3
364 195 603 234 Masinissam
625 207 705 234 non
726 195 766 233 in
789 195 912 246 patrio
935 194 1052 233 modo
1072 194 1220 232 locasse
1240 206 1374 245 regno,
1405 195 1471 233 sed
1496 194 1536 234 in

113 253 321 305 Syphacis,
350 264 371 290 a
394 263 474 302 quo
506 257 592 290 ante
613 252 798 302 expulsus
832 251 985 297 suisset,
1015 262 1181 301 regnum
1213 250 1468 301 imposuisse,
1498 257 1535 290 et
1559 263 1600 295 10

114 322 200 349 esse
228 320 319 348 eum
348 320 430 346 non
453 308 604 346 Africae
635 308 753 347 modo
786 319 923 358 regum
945 307 1061 358 longe
1083 306 1437 357 opulentissimum,
1469 307 1535 346 sed

115 372 197 405 toto
221 365 261 404 in
292 364 386 403 orbe
412 371 605 403 terrarum
628 365 749 403 cnivis
771 376 908 415 regum
928 364 987 402 vel
1008 363 1200 402 maiestate
1225 363 1281 401 vel
1300 363 1446 402 viribus
1466 376 1537 414 pa-

117 434 213 461 rem.
244 421 466 472 Philippum
487 427 524 460 et
537 420 687 467 Nabim,
711 421 832 460 hostis
854 426 891 459 et
901 419 1001 458 bello
1015 426 1215 470 superatos
1228 419 1274 458 ab
1289 420 1332 458 T.
1345 420 1539 467 Quinctio,
1564 432 1599 464 11

116 484 245 518 tamen
268 478 307 516 in
330 490 450 528 regno
471 478 636 516 relictos.
679 477 857 528 Philippo
877 477 1034 527 quidem
1057 488 1161 514 anno
1183 477 1313 527 priore
1337 476 1449 515 etiam
1471 476 1540 515 sti-
1564 487 1604 519 12

116 534 305 586 pendium
327 533 536 572 remissum
560 540 596 572 et
618 534 739 572 filium
762 533 937 572 obsidem
960 532 1176 578 redditum,
1198 533 1541 583 etquasdamcivi-

118 597 212 631 tates
234 596 340 629 extra
361 591 624 629 Macedoniam
646 590 879 641 patientibus
901 589 1087 629 Romanis
1109 589 1409 640 imperatoribus
1433 602 1542 628 rece-

118 647 221 699 pisse
241 659 344 686 eum.
377 647 416 685 in
439 647 574 686 eadem
598 647 777 698 dignitate
798 653 834 685 et
844 646 982 685 Nabim
1006 647 1182 684 tuturum
1207 646 1338 690 fuisse,
1359 646 1433 684 nisi
1448 658 1538 685 enm

121 716 216 743 suus
239 704 411 755 primum
437 705 559 751 furor,
583 704 722 742 deinde
744 704 850 742 frans
872 703 1101 742 Aetolorum
1122 702 1414 752 absumpsisset.
1457 715 1540 741 ma-
1565 719 1605 751 13

120 761 224 800 xime
246 760 500 800 confirmatus
523 767 582 799 est
602 761 754 799 animus
776 759 895 810 regis,
930 765 1135 810 postquam
1159 758 1204 797 ad
1229 772 1317 797 enni
1342 759 1380 798 (2.
1399 759 1543 804 Livius,

120 817 187 868 qui
210 823 366 868 praetor
388 823 475 856 ante
498 818 608 856 classi
629 818 861 867 praefuerat,
883 816 1029 867 legatus
1049 815 1095 854 ab
1117 816 1241 855 Roma
1267 815 1370 854 venit
1389 821 1426 854 et
1446 816 1541 854 edo—

120 874 220 920 cuit,
247 879 392 924 quanto
414 880 451 912 et
471 886 559 925 spes
581 873 761 912 vic-toriae
784 873 925 912 certior
948 872 1134 911 Romanis
1157 884 1272 922 quam
1294 872 1485 911 Antiocho
1509 879 1544 910 et
1567 885 1607 918 14

119 930 283 969 amicitia
304 931 474 969 sanctior
495 930 722 980 firmiorque
742 929 845 980 apud
868 929 1066 968 Romanos
1089 930 1219 967 sutura
1242 934 1353 967 esset.

234 987 449 1032 Antiochus
469 993 675 1037 postquam
699 999 718 1024 a
739 998 807 1036 spe
829 986 1018 1024 societatis
1041 985 1200 1024 Prusiae
1223 985 1384 1031 decidit,
1410 985 1542 1036 Ephe-
1564 992 1623 1032 26

121 1055 210 1082 sum
245 1043 292 1082 ab
321 1042 507 1082 Sardibus
547 1049 604 1082 est
641 1044 841 1093 profectus
872 1042 919 1081 ad
950 1042 1133 1088 classem,

1177 1053 1274 1092 quae
1306 1054 1375 1092 per
1401 1042 1547 1092 aliquot

120 1111 276 1138 menses
309 1099 497 1138 instructa
527 1112 569 1138 ac
590 1106 718 1150 parata
741 1101 886 1145 fuerat,
915 1098 1138 1145 visendam,
1167 1098 1288 1149 inagis
1311 1098 1401 1149 quia
1422 1104 1544 1137 terre-
1566 1113 1585 1145 2

119 1155 266 1195 stribus
287 1156 407 1206 copiis
425 1157 637 1195 exercitum
651 1157 875 1195 Romanum
898 1161 935 1194 et
956 1155 1055 1194 duos
1068 1155 1269 1206 Scipiones
1290 1154 1543 1205 imperatores

119 1290 246 1321 wiihut.
271 1307 315 1312 —
339 1296 400 1321 coto
427 1292 461 1321 in
486 1301 525 1329 o.,
553 1293 658 1321 etwas
680 1289 798 1320 anders

121 1336 177 1375 29,
206 1337 257 1374 14,
285 1337 323 1373 S;
356 1335 507 1376 h'auflger
531 1338 618 1366 setzt
651 1335 735 1366 auch
764 1333 799 1368 L,

122 1383 158 1412 in
182 1380 273 1411 nicht
299 1380 408 1420 hinzu,
435 1380 502 1421 vgl.
536 1381 589 1419 32,
622 1381 673 1417 18,
701 1382 730 1412 3.
757 1397 800 1401 -—

121 1432 151 1458 et
193 1427 268 1458 bello
300 1437 336 1465 3.,
367 1426 433 1457 und
467 1426 550 1456 noch
587 1425 681 1465 dazu,
722 1425 801 1456 heht

122 1471 231 1504 dieses
256 1470 401 1503 Moment
424 1471 559 1503 stiirker
583 1472 723 1511 hervor3
751 1470 801 1502 als

122 1519 238 1549 devicti
260 1517 375 1548 h'at‘ten
397 1516 446 1548 sie
480 1516 573 1548 ihrer
597 1516 720 1548 Reiche
742 1516 801 1548 be-

122 1562 221 1595 raubt
250 1562 383 1594 werden
424 1562 563 1593 konnen.
602 1579 644 1584 —
678 1564 802 1602 quidem

125 1607 312 1649 steigernd:
346 1617 415 1638 was
448 1611 517 1639 erst
550 1606 606 1639 Ph
651 1606 801 1647 heti-effe,

125 1655 179 1693 31,
208 1654 344 1695 29‚11;
372 1653 426 1693 21,
445 1653 499 1693 30,
528 1655 555 1685 7.
578 1664 803 1693 ——amzopr.‚

125 1678 242 1753 Po’lyb.
260 1702 337 1739 sagt
357 1708 435 1729 nur:
459 1697 806 1732 ιῖποκαθεστακειαι

125 1763 170 1769 ·-
194 1742 260 1777 Τὸν
286 1742 368 1777 υἱὸν
390 1746 451 1776 καὶ
476 1755 562 1781 Τοῖς
586 1757 664 1789 αμα
691 1755 805 1786 rouro)

127 1786 336 1835 συνομηρεί
341 1799 449 1827 οντιις
474 1799 494 1822 ι
497 1792 668 1822 εανισκοι·
673 1802 689 1828 ς
721 1790 804 1821 ohne

126 1821 325 1876 Andeutung
342 1845 406 1867 von
425 1838 538 1875 priore
554 1847 650 1876 anno,
681 1836 722 1867 da
747 1835 804 1867 der

127 1880 247 1914 Tribut
276 1885 346 1912 erst
362 1880 395 1912 iu
417 1881 489 1913 dem
506 1879 683 1913 laufenden
704 1881 805 1912 Jahre

129 1926 273 1959 erlassen
304 1936 386 1966 war,
412 1937 438 1958 s.
462 1937 502 1959 zu
530 1937 557 1958 c.
594 1930 625 1967 ἲ,
662 1928 721 1960 16;
750 1928 804 1967 36,

129 1974 184 2013 35,
224 1973 275 2005 13.
309 1989 353 1995 —
383 1976 547 2014 quasdam,
589 1973 642 2012 36,
680 1974 733 2006 33.
767 1991 803 1995 -

129 2019 248 2050 Nabim
279 2021 343 2050 etc.
376 2018 562 2061 entspricht
600 2018 689 2049 nicht
722 2018 805 2057 dem,

130 2073 201 2095 was
226 2062 295 2094 Pol.
325 2067 408 2104 sagt.
436 2081 481 2086 —-
509 2075 597 2104 suus,
635 2066 668 2103 4,
697 2065 750 2101 33,
778 2066 808 2096 5.

179 2110 321 2142 13—14.
361 2111 400 2140 ab
438 2112 556 2149 Roma,
595 2109 810 2141 unmittelbar

130 2165 205 2186 vom
230 2154 368 2193 Senate3
401 2155 482 2186 iiber
514 2156 575 2187 den
609 2154 728 2196 Erfolg
752 2155 810 2186 der

130 2198 389 2232 Gesandtschast
423 2204 500 2241 sagt
523 2199 658 2243 Poly-b.:
683 2202 811 2238 τελέως

133 2243 275 2287 ἀπέστη
300 2246 374 2278 τῶν
397 2244 488 2278 κατὰ
524 2243 588 2280 τὸν
621 2243 810 2289 Ἀντίοχον

132 2291 296 2325 ἐλπίδων
319 2295 380 2323 etc.
397 2308 443 2314 —
459 2303 509 2331 ap.
531 2294 634 2331 Rom,
662 2292 718 2323 der
743 2291 810 2324 Ge-

131 2341 269 2379 gensatz
301 2336 346 2368 ist
381 2336 578 2369 absichtlich
609 2337 700 2369 nicht
725 2337 810 2369 wie-

132 2382 274 2415 derholt.

179 2425 355 2465 26-30.
383 2427 598 2460 Seeschlacht
614 2427 667 2459 bei
687 2427 808 2470 Myon—

131 2483 238 2506 nesus.
266 2473 383 2516 Polyb.
405 2475 459 2507 21.
481 2475 539 2513 113
558 2473 639 2515 App.
657 2472 731 2515 Syr.
757 2474 810 2506 27.

181 2521 276 2553 1—4.
303 2532 322 2551 a
346 2530 400 2559 epe
422 2536 467 2541 —
493 2521 568 2559 dec„
592 2518 659 2550 Cic.
684 2518 755 2550 Att.
779 2520 810 2559 2,

870 1290 923 1321 253.
954 1290 991 1321 2:
1017 1299 1053 1320 ex
1070 1299 1132 1329 quo
1151 1291 1214 1320 loco
1232 1290 1365 1327 decz'dtffc
1390 1287 1484 1320 Caes.
1516 1288 1549 1322 B.

870 1333 908 1365 G.
927 1336 954 1371 1,
971 1335 1024 1374 48,
1041 1336 1078 1367 6ε
1102 1345 1178 1375 equo
1192 1336 1356 1366 deciderat.
1367 1336 1549 1373 —Ephes.,

871 1380 970 1411 sehon
989 1391 1014 1410 c.
1043 1382 1095 1418 25,
1124 1382 1142 1412 2
1170 1379 1213 1411 ist
1238 1389 1274 1411 er
1292 1378 1548 1420 ausgebrochen.

870 1441 913 1447 —
939 1428 1030 1456 inser.
1051 1436 1121 1464 par.
1139 1427 1246 1467 saer„
1279 1425 1320 1456 da
1356 1424 1408 1456 die
1437 1424 1552 1456 Flotte

870 1471 970 1502 sehon
986 1469 1100 1502 friiher
1113 1469 1339 1511 ausgelaufen,
1359 1481 1420 1502 nur
1439 1470 1473 1501 in
1489 1470 1552 1502 den

872 1517 995 1548 letzten
1027 1515 1182 1548 Monaten
1208 1515 1362 1556 unth‘atig
1398 1525 1552 1556 gewesen

872 1562 925 1593 ist.
952 1572 976 1592 S.
1005 1572 1031 1593 c.
1066 1564 1129 1598 133
1163 1563 1214 1601 14,
1241 1572 1277 1593 so
1310 1561 1472 1593 bedeuten
1499 1561 1551 1592 die

873 1607 994 1639 XVorte
1015 1608 1082 1638 wol
1099 1617 1175 1639 nur:
1203 1607 1353 1648 geriistet
1371 1618 1401 1638 u.
1421 1606 1552 1648 kampf-

874 1653 981 1684 bereit
1004 1663 1156 1694 gewesen
1181 1663 1263 1692 war,
1291 1651 1354 1684 wie
1383 1662 1408 1684 c.
1442 1654 1492 1693 11,
1513 1654 1551 1692 33

873 1699 927 1737 43,
954 1700 992 1739 53
1023 1700 1078 1737 23,
1106 1700 1146 1742 93
1175 1709 1200 1729 s.
1229 1700 1257 1737 1,
1288 1699 1319 1737 2,
1351 1696 1550 1737 1311'.205.

872 1761 915 1767 —
946 1747 1126 1783 visendam,
1171 1755 1251 1785 maq.
1302 1747 1381 1785 quia
1414 1748 1490 1782 etc„
1525 1754 1551 1775 s.

874 1791 904 1830 2,
946 1791 973 1829 1,
1008 1793 1046 1828 73
1081 1790 1132 1821 die
1167 1787 1387 1830 angefiihrten
1419 1788 1552 1821 Griinde

873 1835 1021 1867 bereiten
1046 1836 1138 1867 mehr
1165 1835 1226 1867 den
1263 1838 1332 1866 erst
1356 1833 1377 1876 ξ
1403 1837 1423 1867 5
1448 1844 1552 1876 ange-

874 1881 1021 1922 gebeneu
1035 1880 1230 1912 Entschluss
1244 1880 1316 1912 eine
1337 1879 1553 1912 Seeschlacht

874 1937 914 1957 zu
951 1925 1069 1958 liefern
1108 1937 1179 1967 vor,
1213 1926 1263 1958 als
1303 1926 1351 1958 sie
1389 1925 1461 1957 sich
1497 1924 1556 1957 auf

874 1975 1036 2004 visendam
1060 1972 1231 2012 beziehen,
1262 1971 1328 2012 vgl.
1355 1981 1381 2003 c.
1406 1972 1459 2013 35,
1490 1970 1552 2011 1f.,

877 2027 974 2050 wenn
1014 2028 1088 2050 man
1120 2018 1226 2050 dieses
1262 2017 1353 2048 nicht
1389 2017 1554 2059 pragnant

877 2063 1043 2096 auffassen
1068 2063 1159 2094 will:
1193 2074 1233 2094 zu
1260 2062 1477 2103 besichtigen,
1513 2062 1553 2093 ob

878 2109 926 2141 sie
986 2108 1200 2151 kampffertig
1255 2108 1321 2147 sei·
1375 2109 1457 2139 doch
1511 2107 1556 2139 ist

879 2155 1077 2187 schwerlich
1104 2158 1209 2186 etwas
1235 2153 1451 2194 ausgefallen
1477 2164 1555 2185 sou-

879 2201 958 2232 dern
1007 2201 1066 2232 der
1116 2199 1272 2232 Gedauke
1318 2199 1371 2231 bei
1420 2198 1556 2241 Polyb..

881 2242 1184 2290 σιλλογιζόιιειος
1235 2243 1290 2277 ὅτι
1338 2240 1462 2291 αόπως
1509 2243 1557 2278 (ἲν

881 2289 976 2324 οὕτω
1003 2279 1155 2324 δύναιτο
1179 2278 1343 2324 κωλῦσαι
1380 2290 1445 2331 τὴν
1481 2291 1554 2324 τῶν

879 2337 1035 2375 πεζικῶν
1077 2336 1341 2389 στρατοπέδω)
1383 2332 1556 2377 διάβασιν

879 2384 939 2415 καὶ
965 2379 1030 2414 τὸν
1056 2369 1224 2415 πόλεμον
1249 2378 1326 2414 ἀπὸ
1355 2382 1417 2423 τῆς
1435 2379 1557 2419 ’Λσιάς

880 2416 1163 2479 ἆποτοίβεσθαι,
1179 2429 1212 2461 εἰ
1232 2430 1386 2469 βεβαίως
1405 2430 1556 2473 κρατοίη

879 2473 942 2514 τῆς
970 2460 1164 2515 θαλάττης,
1197 2475 1378 2525 προέθετο
1412 2484 1557 2517 ναυμα-

875 2521 958 2562 χεῑν
983 2518 1167 2560 erweitert,
1193 2519 1273 2550 aber
1292 2518 1440 2560 weniger
1461 2519 1557 2551 deut-
