1747 2841
210 141 291 183 216

617 141 741 174 LIBER
765 140 944 174 XXXVII.
979 141 1070 176 CAP.
1101 144 1155 176 34.
1182 143 1234 176 35.

1475 148 1502 167 a.
1521 148 1549 167 u.
1566 140 1630 167 564.

211 250 323 292 esset,
343 257 471 297 neque
492 245 685 285 liberalius
707 258 835 296 neque
859 245 1066 296 benignius
1086 245 1219 284 haberi
1241 245 1392 295 colique
1403 245 1631 284 adolescen-

172 305 190 338 8
210 308 301 349 tem,
332 314 448 353 quam
479 302 605 342 cultus
627 308 694 349 est,
725 302 910 353 potuisse.
952 301 1001 340 ob
1022 302 1117 340 haec
1139 314 1230 340 cum
1252 302 1460 340 adventum
1482 301 1524 340 P.
1545 302 1631 341 Sci-

210 359 339 410 pionis
368 360 513 410 legatus
544 364 792 411 expectasset,
823 359 889 397 ubi
913 359 945 397 is
973 359 1088 406 venit,
1119 359 1320 397 consulem
1348 358 1426 396 adit
1447 358 1632 409 petitque,
1657 362 1662 366 ”

133 413 191 453 35
212 423 255 454 ut
274 416 452 455 mandata
472 416 632 455 audiret.
663 416 858 455 Advocato
884 416 1077 466 frequenti
1099 415 1259 454 consilio
1281 415 1391 466 legati
1412 414 1527 453 verba
1539 421 1633 454 sunt

170 475 191 507 2
210 472 350 512 audita.
388 473 433 519 is,
465 473 595 512 multis
618 479 705 511 ante
724 472 980 523 legationibus
1001 472 1102 510 ultro
1125 472 1300 522 citroque
1323 472 1561 522 nequiquam
1585 472 1632 510 de

210 542 304 580 pace
327 529 466 576 missis,
491 542 575 568 eam
596 530 721 580 ipsam
742 529 922 568 fiduciam
943 528 1175 579 impetrandi
1197 528 1270 567 sibi
1293 541 1377 567 esse
1397 528 1502 575 dixit,
1524 528 1630 580 quod

210 587 362 637 priores
388 586 499 637 legati
523 587 617 625 nihil
635 587 926 637 impetrassent:
956 586 1165 636 Zmyrnam
1189 585 1293 623 enim
1316 591 1352 623 et
1373 585 1631 635 Lampsacum

211 650 248 681 et
277 643 545 681 Alexandriam
569 644 761 682 Troadem
791 649 827 681 et
848 642 1133 693 Lysimachiam
1161 642 1201 680 in
1223 642 1380 692 Europa
1410 642 1561 681 iactatas
1591 643 1632 681 in

172 700 191 732 3
208 699 281 738 illis
313 700 654 751 disceptationibus
686 714 790 745 esse3
822 712 989 750 quarum
1011 698 1253 750 Lysimachia
1282 698 1358 736 iam
1386 698 1545 737 cessisse
1567 711 1632 737 re-

211 769 311 807 gem,
343 769 392 795 ne
418 757 511 807 quid
531 757 672 796 habere
695 769 785 795 eum
807 757 847 794 in
868 757 1025 806 Europa
1046 756 1238 801 dicerent;
1271 767 1333 793 eas
1366 766 1462 805 quae
1484 755 1522 793 in
1544 755 1633 794 Asia

211 814 288 852 sint
307 813 474 852 civitates
495 814 644 852 tradere
664 821 839 864 paralum
862 826 957 860 esse,
981 818 1018 851 et
1039 813 1069 850 si
1089 824 1183 862 quas
1205 812 1294 850 alias
1315 812 1494 858 Romani,
1525 812 1631 862 quod

171 873 193 904 4
211 882 371 909 suarum
402 871 570 921 partium
599 871 754 917 fuerint,
788 870 983 908 vindicare
1010 869 1055 908 ab
1078 869 1242 919 imperio
1263 868 1367 919 regio
1391 868 1528 915 velint3
1557 869 1632 908 im-

211 939 353 978 pensae
377 939 535 978 quoque
556 927 595 965 in
616 927 760 965 bellum
774 929 892 965 factae
905 932 1053 977 partem
1064 925 1263 964 dimidiam
1273 937 1403 975 regem
1415 931 1632 975 praestatu-

174 988 192 1019 5
211 996 300 1022 rum
322 984 469 1035 populo
489 985 678 1023 Romano,
720 984 789 1022 liae
824 983 1073 1022 condiciones
1095 987 1204 1021 erant
1224 982 1351 1032 pacis;
1372 982 1520 1032 reliqua
1541 994 1631 1020 ora-

211 1041 264 1079 tio
288 1041 371 1088 suit,
406 1046 448 1079 ut
470 1053 664 1079 memores
684 1053 818 1079 rerum
838 1041 1099 1079 humanarum
1121 1046 1157 1078 et
1178 1051 1269 1077 suae
1293 1040 1472 1076 fortunae
1496 1039 1634 1077 mode—

209 1104 392 1136 rarentur
422 1102 459 1136 et
487 1098 649 1136 alienam
671 1110 720 1135 ne
744 1104 936 1148 urgerent.

212 1257 274 1294 54,
303 1256 340 1296 53
377 1256 438 1293 25,
468 1255 527 1290 18,
559 1256 587 1286 5.
613 1272 656 1275 --
681 1264 776 1294 quam
801 1265 824 1285 c.
848 1265 885 1286 e..

212 1300 262 1332 die
290 1299 532 1332 Wirklichkeit
557 1299 614 1331 der
632 1298 800 1330 Aunalnne
829 1309 887 1340 ge—

211 1345 356 1387 geniiber
388 1345 587 1377 niederholt
613 1355 673 1376 nur
697 1345 755 1376 das
781 1344 886 1375 nich-

210 1391 318 1433 tigere
350 1394 425 1425 coli
467 1391 558 1422 nicht
581 1393 700 1423 haberi.
725 1408 768 1412 —-
797 1392 832 1421 ob
856 1392 887 1421 Ιι.

210 1438 290 1479 geht
315 1435 374 1468 auf
395 1435 416 1478 ξ
442 1440 462 1470 4
480 1437 620 1479 zuliickg
646 1437 729 1467 doch
755 1446 785 1467 w
790 1436 888 1468 endet

209 1483 281 1514 sich
322 1483 381 1514 dei
414 1481 579 1514 Gesaudte
612 1462 704 1513 iiicht
728 1482 888 1513 zun'achst

211 1539 253 1560 an
280 1528 314 1560 P.
332 1528 454 1570 Scipio,
481 1529 622 1560 sondern
648 1532 716 1560 erst
741 1538 768 1558 c.
795 1529 847 1560 36.

258 1572 326 1611 35.
357 1577 452 1607 1—3.
478 1586 545 1606 eam
569 1577 668 1614 ipsam
676 1577 738 1614 fid.
756 1591 799 1597 —
813 1585 886 1615 esse,

210 1621 332 1662 gerade
356 1620 414 1651 der
439 1619 608 1659 Umstand‚
634 1620 708 1651 dass
736 1619 788 1651 die
820 1618 887 1651 Ge-

210 1667 349 1698 sandten
375 1665 482 1697 uichts
507 1666 639 1706 erlangt
664 1666 800 1705 hatten,
839 1664 887 1696 sci

211 1713 269 1744 der
295 1711 409 1744 Gruud
433 1711 540 1743 seiues
570 1712 774 1743 Vertrauens
792 1726 838 1737 =
852 1713 887 1742 iii

210 1771 246 1791 ea
269 1769 305 1791 re
330 1757 386 1798 (eo)
414 1776 451 1780 —
481 1760 566 1798 quod
588 1776 632 1780 ——
656 1760 885 1797 impetrassent,

211 1804 277 1836 und
302 1807 389 1844 insa,
415 1814 439 1835 s.
466 1813 492 1834 c.
522 1805 585 1843 33,
613 1805 643 1841 7,
671 1802 749 1833 tritt
775 1802 885 1842 hiuzu,

211 1851 290 1883 weil
325 1851 382 1882 der
408 1848 565 1881 Gedanke
590 1851 677 1890 quod
699 1852 760 1879 etc.
786 1849 886 1879 sehon

211 1896 245 1928 iu
277 1899 469 1937 nequiquam
495 1894 588 1935 liegt.
639 1893 818 1934 Uebrigens
844 1893 888 1925 ist

210 1943 242 1974 in
268 1945 356 1984 quod
370 1960 413 1964 —-
432 1944 650 1980 impetrassent
674 1950 735 1971 nur
759 1939 887 1971 schein-

210 1989 273 2020 bar
318 1989 377 2019 der
421 1986 535 2019 Gruud
575 1986 787 2027 angegebeu,
831 1985 888 2016 der

210 2033 386 2065 wirkliche
419 2031 504 2073 folgt
532 2032 565 2063 in
589 2043 729 2073 quarum
752 2049 797 2053 —
821 2037 889 2062 tra-

210 2083 283 2112 dere
317 2083 403 2111 statt
434 2090 508 2110 uam
544 2090 615 2110 eam
643 2081 773 2117 priores
798 2079 890 2118 lcyati

205 2133 386 2166 propterea,
411 2127 499 2166 quod
523 2126 735 2163 ,lampsacum
753 2140 798 2144 —
822 2129 888 2154 tra-

210 2174 283 2204 dere
313 2174 504 2208 ozoluissem,
542 2172 625 2202 nihil
660 2172 888 2209 impetrassent,

210 2229 243 2250 se
274 2220 337 2249 iam
367 2219 630 2256 armaretur-mn,
669 2227 738 2247 eam
764 2225 820 2246 rex
848 2232 885 2236 —

210 2266 336 2296 tradere
365 2270 502 2302 paratus
537 2269 634 2301 esset,·
678 2260 794 2302 Polyb.
831 2260 889 2291 hat

211 2310 273 2341 den
310 2308 489 2340 Gedauken
526 2318 561 2339 so
598 2307 708 2348 wenig
741 2305 791 2337 als
829 2305 888 2337 das

211 2354 290 2396 solg.
316 2356 554 2394 Lysimachiam
586 2354 650 2385 und
685 2354 890 2392 Lysimachia

210 2419 255 2424 -—
281 2411 401 2442 reyem,
446 2401 487 2431 da
526 2399 632 2431 dieses
674 2398 726 2430 die
766 2397 889 2429 Ramex-

210 2447 312 2478 schon
337 2446 465 2478 besetzt
490 2445 606 2476 haben.
633 2462 676 2466 ——
700 2446 831 2483 Zmyrn.
846 2461 889 2465 —

211 2494 346 2534 Troad„
384 2493 444 2531 35,
484 2492 527 2525 42
567 2490 686 2522 leisten
724 2489 777 2520 die
819 2488 890 2520 drei

211 2537 329 2569 Stiidte
349 2538 432 2568 noch
454 2536 691 2578 VViderstaud3
710 2535 789 2566 aber
807 2535 892 2566 nach

214 2585 275 2624 37,
305 2586 365 2617 54.
391 2584 428 2622 23
471 2584 530 2622 38,
560 2584 622 2614 39.
654 2580 803 2614 l1wi1=d
831 2590 892 2611 nur

986 1097 1143 1135 finirent
1163 1096 1320 1146 Europa
1344 1095 1565 1145 imperium,
1595 1095 1634 1133 id

956 1253 1100 1296 Smyrna
1119 1262 1233 1293 wegen
1250 1252 1360 1284 seiuer
1379 1251 1486 1284 Treuc
1507 1252 1631 1293 gelobt.

956 1310 1152 1340 ——quaritm
1167 1300 1304 1338 Lysim„
1332 1297 1398 1338 vgl.
1427 1300 1480 1337 33,
1511 1300 1564 1338 3¹3,
1595 1300 1633 1331 2:

957 1347 1058 1377 decem
1084 1347 1257 1385 legiam-iem
1281 1344 1446 1375 Lentulus.
1472 1360 1515 1365 —
1539 1355 1578 1375 oze
1600 1355 1631 1385 q.

960 1409 998 1412 —
1023 1393 1057 1423 ior
1087 1392 1237 1429 Europa,
1274 1388 1340 1429 vgl.
1371 1388 1494 1429 jcdoch
1519 1399 1545 1421 c.
1577 1391 1632 1429 60,

958 1439 987 1469 7.
1022 1455 1066 1459 —
1099 1447 1151 1467 eas
1181 1447 1211 1476 q,
1245 1437 1280 1466 in
1314 1437 1373 1466 As.
1406 1437 1472 1467 sint
1495 1453 1539 1457 —
1572 1447 1636 1467 esse

956 1483 1016 1513 hat
1042 1482 1078 1513 L.
1104 1485 1288 1522 zugesetzt,
1315 1490 1368 1511 u1n
1387 1480 1481 1512 einen
1503 1479 1634 1522 Gegen-

956 1532 1028 1559 satz
1062 1538 1102 1558 zu
1134 1530 1170 1558 in
1202 1529 1337 1565 Europa
1372 1536 1414 1557 zu
1449 1525 1633 1567 geu-innen,

956 1574 1027 1605 sich
1053 1573 1132 1604 aber
1154 1572 1245 1604 nicht
1269 1581 1375 1613 genau
1400 1571 1633 1613 -1usged1-iickt‚

958 1620 1001 1650 da
1026 1629 1063 1650 ei
1085 1618 1152 1650 wol
1177 1628 1238 1649 11111
1267 1628 1308 1649 an
1336 1617 1387 1649 die
1417 1617 1487 1649 drei
1512 1618 1636 1650 1011181·

956 1669 1142 1706 genannten
1153 1663 1271 1695 Stadte
1282 1663 1392 1703 denkt,
1412 1662 1543 1694 einfach
1558 1667 1635 1705 sagt

956 1710 1025 1742 Pol.
1070 1712 1128 1743 11:
1177 1719 1332 1755 (patmon
1372 1721 1435 1751 της
1482 1720 1518 1742 τε
1562 1710 1636 1743 τῶι

956 1756 1233 1802 Λαιιψακηιῶι
1291 1756 1352 1787 καὶ
1407 1757 1635 1801 Σαυᾞρναιωτ

958 1802 1010 1835 ἔτι
1063 1802 1102 1834 ὸὲ
1144 1802 1206 1843 τῆς
1251 1801 1324 1834 τῶν
1366 1796 1468 1839 ’Λλζε
1455 1801 1635 1845 ’τιῑδρέων

957 1844 1100 1884 πόλεως
1138 1848 1272 1893 {ulmos
1259 1849 1313 1879 ἴι
1342 1843 1406 1879 τὸν
1430 1842 1633 1899 Ἀιτίοχον,

958 1891 1096 1939 ὁμοιως
1136 1893 1175 1925 δὲ
1219 1905 1277 1925 και
1326 1892 1400 1924 τῶι
1439 1888 1531 1925 κατὰ
1553 1892 1636 1945 τῆι

956 1940 1121 1972 Αἰολίδα
1166 1941 1228 1971 καὶ
1267 1935 1333 1980 τὴν
1366 1935 1509 1971 Ἰωνίυω
1549 1933 1634 1971 ὅσαι

957 1982 1212 2029 rir72(21‘r01‹511⁷
1254 1982 1366 2031 ᾑρηιιε
1353 1985 1432 2017 [ναι
1472 1980 1517 2016 τὰ
1552 1980 1635 2017 Ῥω-

957 2034 1098 2077 μαι”,ω1
1140 2030 1193 2062 bei
1233 2020 1268 2061 L.
1305 2031 1392 2071 quod
1422 2047 1465 2052 —
1489 2029 1633 2070 fuerim

958 2075 1066 2108 wofiii
1091 2066 1235 2116 Madxig,
1262 2076 1303 2106 da
1328 2075 1380 2106 die
1405 2074 1467 2107 Mz.
1485 2075 1538 2107 Hs.
1556 2086 1637 2116 quas

958 2141 1000 2144 —
1025 2125 1189 2154 ediderant
1213 2122 1282 2161 hat,
1321 2132 1402 2162 quas
1417 2139 1459 2143 —
1478 2123 1585 2153 edider
1587 2123 1636 2153 ent

958 2178 1059 2200 verm.

1005 2216 1103 2246 5—6.
1129 2224 1278 2245 memores
1303 2215 1378 2252 etc„
1406 2211 1474 2252 vgl.
1500 2213 1553 2252 30,
1580 2214 1635 2245 30.

962 2262 1020 2299 153
1049 2259 1091 2290 ih.
1117 2260 1171 2295 42.
1201 2260 1250 2292 15.
1269 2259 1483 2300 —fortawae
1505 2259 1635 2296 moder..

958 2316 982 2337 s.
1009 2308 1040 2345 4,
1071 2307 1100 2338 7.
1129 2307 1165 2336 6:
1192 2307 1260 2336 irae
1274 2306 1470 2343 moderatos;
1499 2304 1552 2341 31,
1578 2305 1634 2338 44.

959 2353 977 2384 2
1007 2362 1037 2382 u.
1064 2361 1091 2382 a.
1118 2368 1161 2373 —-
1185 2361 1258 2382 suae
1277 2367 1322 2371 -—
1347 2352 1482 2381 alienam
1505 2347 1635 2380 scheiut

958 2396 1110 2437 zugleich
1151 2395 1202 2427 die
1245 2394 1387 2436 Begriffe
1428 2394 1562 2435 giinstig
1592 2411 1638 2416 —

958 2441 1138 2483 ungiinstig
1163 2452 1204 2473 zu
1229 2441 1418 2477 euthalten.
1458 2450 1483 2471 S.
1507 2442 1545 2480 4,
1576 2440 1631 2478 58,

960 2490 997 2521 2:
1039 2495 1074 2520 ut
1097 2499 1134 2519 ex
1157 2489 1352 2519 incommodo
1376 2488 1478 2518 alieno
1503 2497 1561 2517 sua
1585 2496 1635 2517 oe-

960 2536 1041 2566 casio
1060 2540 1242 2574 peteretm·;
1271 2534 1335 2571 42,
1361 2533 1424 2572 43,
1452 2532 1488 2571 33
1513 2541 1553 2562 zu
1579 2533 1634 2571 35,

964 2582 1022 2613 15.
1064 2582 1094 2612 6.
1120 2597 1163 2601 ——-
1190 2581 1323 2617 Europa
1357 2581 1438 2609 etc..
1482 2576 1548 2617 vgl.
1579 2577 1635 2612 36.
