<?xml version="1.0" encoding="UTF-8"?>
<!DOCTYPE html PUBLIC "-//W3C//DTD XHTML 1.0 Transitional//EN"
    "http://www.w3.org/TR/xhtml1/DTD/xhtml1-transitional.dtd">
<html xmlns="http://www.w3.org/1999/xhtml" xml:lang="en" lang="en">
 <head>
  <title>
</title>
<meta http-equiv="Content-Type" content="text/html;charset=utf-8" />
  <meta name='ocr-system' content='tesseract 3.04.00' />
  <meta name='ocr-capabilities' content='ocr_page ocr_carea ocr_par ocr_line ocrx_word'/>
</head>
<body>
  <div class='ocr_page' id='page_1' title='image "./aburbeconditalib08livyuoft_0275.png"; bbox 0 0 1747 2841; ppageno 0'>
   <div class='ocr_carea' id='block_1_1' title="bbox 12 141 1561 1597">
    <p class='ocr_par' dir='ltr' id='par_1_1' title="bbox 50 141 1538 1539">
     <span class='ocr_line' id='line_1_1' title="bbox 50 141 1470 185; baseline 0 -11"><span class='ocrx_word' id='word_1_1' title='bbox 50 149 77 168; x_wconf 82' lang='lat' dir='ltr'>a.</span> <span class='ocrx_word' id='word_1_2' title='bbox 96 141 148 168; x_wconf 82' lang='lat' dir='ltr'>ch.</span> <span class='ocrx_word' id='word_1_3' title='bbox 173 142 231 168; x_wconf 74' lang='lat'>189.</span> <span class='ocrx_word' id='word_1_4' title='bbox 466 142 590 174; x_wconf 82' lang='lat' dir='ltr'>LIBER</span> <span class='ocrx_word' id='word_1_5' title='bbox 615 142 808 175; x_wconf 73' lang='lat' dir='ltr'>xxxvllt.</span> <span class='ocrx_word' id='word_1_6' title='bbox 843 141 934 174; x_wconf 71' lang='lat' dir='ltr'>GAP.</span> <span class='ocrx_word' id='word_1_7' title='bbox 961 144 991 175; x_wconf 84' lang='lat'>2.</span> <span class='ocrx_word' id='word_1_8' title='bbox 1021 147 1051 175; x_wconf 83' lang='grc'>3.</span> <span class='ocrx_word' id='word_1_9' title='bbox 1387 142 1470 185; x_wconf 76' lang='grc'>269</span> 
     </span>
     <span class='ocr_line' id='line_1_2' title="bbox 51 245 1470 296; baseline -0.001 -11"><span class='ocrx_word' id='word_1_10' title='bbox 51 246 289 285; x_wconf 87' lang='lat' dir='ltr'>imminentis</span> <span class='ocrx_word' id='word_1_11' title='bbox 311 246 391 284; x_wconf 89' lang='lat' dir='ltr'>viae</span> <span class='ocrx_word' id='word_1_12' title='bbox 411 245 685 284; x_wconf 76' lang='lat' dir='ltr'><strong>discurrentes.</strong></span> <span class='ocrx_word' id='word_1_13' title='bbox 726 245 771 284; x_wconf 88' lang='lat' dir='ltr'>ad</span> <span class='ocrx_word' id='word_1_14' title='bbox 795 256 965 296; x_wconf 87' lang='lat' dir='ltr'>quorum</span> <span class='ocrx_word' id='word_1_15' title='bbox 988 250 1242 294; x_wconf 90' lang='lat' dir='ltr'>conspectum</span> <span class='ocrx_word' id='word_1_16' title='bbox 1265 245 1470 283; x_wconf 86' lang='lat' dir='ltr'>constitere</span> 
     </span>
     <span class='ocr_line' id='line_1_3' title="bbox 54 301 1510 354; baseline -0.001 -13"><span class='ocrx_word' id='word_1_17' title='bbox 54 303 177 354; x_wconf 88' lang='lat' dir='ltr'>prima</span> <span class='ocrx_word' id='word_1_18' title='bbox 204 303 324 353; x_wconf 84' lang='lat' dir='ltr'>signa,</span> <span class='ocrx_word' id='word_1_19' title='bbox 354 308 513 352; x_wconf 87' lang='lat' dir='ltr'>totoque</span> <span class='ocrx_word' id='word_1_20' title='bbox 541 303 692 353; x_wconf 80' lang='lat' dir='ltr'>agmine</span> <span class='ocrx_word' id='word_1_21' title='bbox 718 314 837 353; x_wconf 87' lang='lat' dir='ltr'>pavor</span> <span class='ocrx_word' id='word_1_22' title='bbox 863 308 900 340; x_wconf 87' lang='lat' dir='ltr'>et</span> <span class='ocrx_word' id='word_1_23' title='bbox 921 301 1121 351; x_wconf 74' lang='lat' dir='ltr'>trepidatio</span> <span class='ocrx_word' id='word_1_24' title='bbox 1144 307 1234 345; x_wconf 86' lang='lat' dir='ltr'>erat,</span> <span class='ocrx_word' id='word_1_25' title='bbox 1263 307 1299 339; x_wconf 89' lang='lat' dir='ltr'>et</span> <span class='ocrx_word' id='word_1_26' title='bbox 1328 314 1399 351; x_wconf 90' lang='lat' dir='ltr'>pro</span> <span class='ocrx_word' id='word_1_27' title='bbox 1430 315 1470 340; x_wconf 83' lang='lat' dir='ltr'>se</span> <span class='ocrx_word' id='word_1_28' title='bbox 1493 305 1510 335; x_wconf 85' lang='grc'><strong>7</strong></span> 
     </span>
     <span class='ocr_line' id='line_1_4' title="bbox 55 357 1473 410; baseline -0.001 -12"><span class='ocrx_word' id='word_1_29' title='bbox 55 360 232 410; x_wconf 89' lang='lat' dir='ltr'>quisque,</span> <span class='ocrx_word' id='word_1_30' title='bbox 262 359 447 409; x_wconf 77' lang='lat' dir='ltr'>quidnam</span> <span class='ocrx_word' id='word_1_31' title='bbox 479 360 657 397; x_wconf 85' lang='lat' dir='ltr'>futurum</span> <span class='ocrx_word' id='word_1_32' title='bbox 688 364 798 404; x_wconf 87' lang='lat' dir='ltr'>esset,</span> <span class='ocrx_word' id='word_1_33' title='bbox 823 358 999 408; x_wconf 83' lang='lat' dir='ltr'>cogitare,</span> <span class='ocrx_word' id='word_1_34' title='bbox 1026 357 1057 395; x_wconf 86' lang='lat' dir='ltr'>si</span> <span class='ocrx_word' id='word_1_35' title='bbox 1087 357 1124 395; x_wconf 90' lang='lat' dir='ltr'>in</span> <span class='ocrx_word' id='word_1_36' title='bbox 1148 357 1260 395; x_wconf 80' lang='lat' dir='ltr'>valles</span> <span class='ocrx_word' id='word_1_37' title='bbox 1283 357 1473 396; x_wconf 83' lang='lat' dir='ltr'>subiectas</span> 
     </span>
     <span class='ocr_line' id='line_1_5' title="bbox 54 414 1512 466; baseline -0.003 -12"><span class='ocrx_word' id='word_1_38' title='bbox 54 415 218 466; x_wconf 88' lang='lat' dir='ltr'>rupibus</span> <span class='ocrx_word' id='word_1_39' title='bbox 238 427 374 465; x_wconf 82' lang='lat' dir='ltr'>agmen</span> <span class='ocrx_word' id='word_1_40' title='bbox 400 416 501 453; x_wconf 84' lang='lat' dir='ltr'>soret</span> <span class='ocrx_word' id='word_1_41' title='bbox 523 415 748 453; x_wconf 87' lang='lat' dir='ltr'>demissum.</span> <span class='ocrx_word' id='word_1_42' title='bbox 791 415 883 452; x_wconf 88' lang='lat' dir='ltr'>haec</span> <span class='ocrx_word' id='word_1_43' title='bbox 906 414 1149 452; x_wconf 87' lang='lat' dir='ltr'>tumultuatio</span> <span class='ocrx_word' id='word_1_44' title='bbox 1166 426 1296 464; x_wconf 79' lang='lat' dir='ltr'>regem</span> <span class='ocrx_word' id='word_1_45' title='bbox 1309 414 1472 464; x_wconf 87' lang='lat' dir='ltr'>cupien-</span> <span class='ocrx_word' id='word_1_46' title='bbox 1493 417 1512 449; x_wconf 85' lang='lat'>8</span> 
     </span>
     <span class='ocr_line' id='line_1_6' title="bbox 55 470 1472 522; baseline -0.001 -12"><span class='ocrx_word' id='word_1_47' title='bbox 55 478 144 518; x_wconf 85' lang='lat' dir='ltr'>tem,</span> <span class='ocrx_word' id='word_1_48' title='bbox 175 472 206 510; x_wconf 87' lang='lat' dir='ltr'>si</span> <span class='ocrx_word' id='word_1_49' title='bbox 235 483 276 509; x_wconf 85' lang='lat' dir='ltr'>se</span> <span class='ocrx_word' id='word_1_50' title='bbox 305 477 575 522; x_wconf 77' lang='lat' dir='ltr'>sequerentur,</span> <span class='ocrx_word' id='word_1_51' title='bbox 606 473 744 522; x_wconf 86' lang='lat' dir='ltr'>raptim</span> <span class='ocrx_word' id='word_1_52' title='bbox 767 471 927 509; x_wconf 82' lang='lat' dir='ltr'>evadere</span> <span class='ocrx_word' id='word_1_53' title='bbox 953 470 1159 521; x_wconf 79' lang='lat' dir='ltr'>angustias,</span> <span class='ocrx_word' id='word_1_54' title='bbox 1184 482 1367 509; x_wconf 86' lang='lat' dir='ltr'>revocare</span> <span class='ocrx_word' id='word_1_55' title='bbox 1389 471 1472 521; x_wconf 92' lang='lat' dir='ltr'>pri-</span> 
     </span>
     <span class='ocr_line' id='line_1_7' title="bbox 56 526 1474 578; baseline -0.001 -12"><span class='ocrx_word' id='word_1_56' title='bbox 56 540 141 567; x_wconf 88' lang='lat' dir='ltr'>mos</span> <span class='ocrx_word' id='word_1_57' title='bbox 165 533 202 566; x_wconf 87' lang='lat' dir='ltr'>et</span> <span class='ocrx_word' id='word_1_58' title='bbox 223 528 368 573; x_wconf 85' lang='lat' dir='ltr'>eadem,</span> <span class='ocrx_word' id='word_1_59' title='bbox 399 540 473 578; x_wconf 83' lang='lat' dir='ltr'>qua</span> <span class='ocrx_word' id='word_1_60' title='bbox 497 535 663 574; x_wconf 81' lang='lat' dir='ltr'>venerat,</span> <span class='ocrx_word' id='word_1_61' title='bbox 686 528 743 566; x_wconf 73' lang='lat' dir='ltr'>via</span> <span class='ocrx_word' id='word_1_62' title='bbox 767 530 911 566; x_wconf 85' lang='lat' dir='ltr'>referre</span> <span class='ocrx_word' id='word_1_63' title='bbox 932 526 1055 577; x_wconf 80' lang='lat' dir='ltr'><strong>coegit</strong></span> <span class='ocrx_word' id='word_1_64' title='bbox 1076 527 1195 577; x_wconf 79' lang='lat' dir='ltr'>signa.</span> <span class='ocrx_word' id='word_1_65' title='bbox 1242 527 1474 566; x_wconf 76' lang='lat' dir='ltr'>Athamanes</span> 
     </span>
     <span class='ocr_line' id='line_1_8' title="bbox 55 583 1513 635; baseline -0.001 -13"><span class='ocrx_word' id='word_1_66' title='bbox 55 584 182 635; x_wconf 89' lang='lat' dir='ltr'>primo</span> <span class='ocrx_word' id='word_1_67' title='bbox 204 596 250 622; x_wconf 82' lang='lat' dir='ltr'>ex</span> <span class='ocrx_word' id='word_1_68' title='bbox 270 585 469 623; x_wconf 80' lang='lat' dir='ltr'>intervallo</span> <span class='ocrx_word' id='word_1_69' title='bbox 491 585 608 635; x_wconf 88' lang='lat' dir='ltr'>quieti</span> <span class='ocrx_word' id='word_1_70' title='bbox 630 583 913 634; x_wconf 85' lang='lat' dir='ltr'>sequebantur;</span> <span class='ocrx_word' id='word_1_71' title='bbox 945 589 1152 633; x_wconf 79' lang='lat' dir='ltr'>postquam</span> <span class='ocrx_word' id='word_1_72' title='bbox 1174 583 1293 622; x_wconf 80' lang='lat' dir='ltr'>Aetoli</span> <span class='ocrx_word' id='word_1_73' title='bbox 1315 596 1355 622; x_wconf 83' lang='lat' dir='ltr'>se</span> <span class='ocrx_word' id='word_1_74' title='bbox 1378 596 1474 622; x_wconf 90' lang='lat' dir='ltr'>con-</span> <span class='ocrx_word' id='word_1_75' title='bbox 1494 599 1513 630; x_wconf 76' lang='lat'><strong>9</strong></span> 
     </span>
     <span class='ocr_line' id='line_1_9' title="bbox 52 640 1475 692; baseline 0 -14"><span class='ocrx_word' id='word_1_76' title='bbox 52 641 286 687; x_wconf 87' lang='lat' dir='ltr'>iunxerunt,</span> <span class='ocrx_word' id='word_1_77' title='bbox 317 641 401 687; x_wconf 89' lang='lat' dir='ltr'>hos,</span> <span class='ocrx_word' id='word_1_78' title='bbox 431 647 472 679; x_wconf 87' lang='lat' dir='ltr'>ut</span> <span class='ocrx_word' id='word_1_79' title='bbox 501 641 547 679; x_wconf 87' lang='lat' dir='ltr'>ah</span> <span class='ocrx_word' id='word_1_80' title='bbox 582 648 687 692; x_wconf 76' lang='lat' dir='ltr'>tergo</span> <span class='ocrx_word' id='word_1_81' title='bbox 719 641 863 691; x_wconf 76' lang='lat' dir='ltr'>agmini</span> <span class='ocrx_word' id='word_1_82' title='bbox 894 640 1091 684; x_wconf 85' lang='lat' dir='ltr'>instarent,</span> <span class='ocrx_word' id='word_1_83' title='bbox 1118 640 1372 689; x_wconf 77' lang='lat' dir='ltr'>relhpiernnt,</span> <span class='ocrx_word' id='word_1_84' title='bbox 1403 640 1475 691; x_wconf 90' lang='lat' dir='ltr'>ipsi</span> 
     </span>
     <span class='ocr_line' id='line_1_10' title="bbox 53 696 1537 747; baseline 0.002 -12"><span class='ocrx_word' id='word_1_85' title='bbox 53 696 101 735; x_wconf 89' lang='lat' dir='ltr'>ab</span> <span class='ocrx_word' id='word_1_86' title='bbox 122 697 305 736; x_wconf 87' lang='lat' dir='ltr'>lateribus</span> <span class='ocrx_word' id='word_1_87' title='bbox 335 710 376 736; x_wconf 90' lang='lat' dir='ltr'>se</span> <span class='ocrx_word' id='word_1_88' title='bbox 397 698 741 743; x_wconf 66' lang='lat' dir='ltr'>circuinfuderimt,</span> <span class='ocrx_word' id='word_1_89' title='bbox 772 697 928 747; x_wconf 84' lang='lat' dir='ltr'>quidam</span> <span class='ocrx_word' id='word_1_90' title='bbox 948 709 1017 746; x_wconf 90' lang='lat' dir='ltr'>per</span> <span class='ocrx_word' id='word_1_91' title='bbox 1036 702 1146 734; x_wconf 87' lang='lat' dir='ltr'>notas</span> <span class='ocrx_word' id='word_1_92' title='bbox 1167 696 1277 735; x_wconf 83' lang='lat' dir='ltr'>calles</span> <span class='ocrx_word' id='word_1_93' title='bbox 1298 696 1475 735; x_wconf 75' lang='lat' dir='ltr'>breviore</span> <span class='ocrx_word' id='word_1_94' title='bbox 1499 706 1537 738; x_wconf 86' lang='lat'>10</span> 
     </span>
     <span class='ocr_line' id='line_1_11' title="bbox 54 753 1474 804; baseline -0.001 -13"><span class='ocrx_word' id='word_1_95' title='bbox 54 754 112 792; x_wconf 88' lang='lat' dir='ltr'>via</span> <span class='ocrx_word' id='word_1_96' title='bbox 142 754 358 804; x_wconf 81' lang='lat' dir='ltr'>praegressi</span> <span class='ocrx_word' id='word_1_97' title='bbox 384 755 566 793; x_wconf 75' lang='lat' dir='ltr'>transitus</span> <span class='ocrx_word' id='word_1_98' title='bbox 595 754 794 798; x_wconf 63' lang='lat' dir='ltr'>insedere,</span> <span class='ocrx_word' id='word_1_99' title='bbox 822 759 1050 803; x_wconf 84' lang='lat' dir='ltr'>tantumque</span> <span class='ocrx_word' id='word_1_100' title='bbox 1076 753 1265 791; x_wconf 88' lang='lat' dir='ltr'>tumultus</span> <span class='ocrx_word' id='word_1_101' title='bbox 1293 753 1474 791; x_wconf 83' lang='lat' dir='ltr'>Macedo-</span> 
     </span>
     <span class='ocr_line' id='line_1_12' title="bbox 55 809 1476 861; baseline 0 -13"><span class='ocrx_word' id='word_1_102' title='bbox 55 809 169 848; x_wconf 88' lang='lat' dir='ltr'>nibus</span> <span class='ocrx_word' id='word_1_103' title='bbox 198 817 254 849; x_wconf 88' lang='lat' dir='ltr'>est</span> <span class='ocrx_word' id='word_1_104' title='bbox 278 811 473 857; x_wconf 81' lang='lat' dir='ltr'>iniectum,</span> <span class='ocrx_word' id='word_1_105' title='bbox 505 817 547 849; x_wconf 90' lang='lat' dir='ltr'>ut</span> <span class='ocrx_word' id='word_1_106' title='bbox 571 813 682 861; x_wconf 75' lang='lat' dir='ltr'>fugae</span> <span class='ocrx_word' id='word_1_107' title='bbox 701 810 820 860; x_wconf 78' lang='lat' dir='ltr'>magis</span> <span class='ocrx_word' id='word_1_108' title='bbox 843 810 986 848; x_wconf 80' lang='lat' dir='ltr'>effusae</span> <span class='ocrx_word' id='word_1_109' title='bbox 1009 821 1123 859; x_wconf 86' lang='lat' dir='ltr'>quam</span> <span class='ocrx_word' id='word_1_110' title='bbox 1145 809 1290 848; x_wconf 87' lang='lat' dir='ltr'>itineris</span> <span class='ocrx_word' id='word_1_111' title='bbox 1312 810 1476 848; x_wconf 87' lang='lat' dir='ltr'>ordinati</span> 
     </span>
     <span class='ocr_line' id='line_1_13' title="bbox 55 866 1535 917; baseline 0.002 -13"><span class='ocrx_word' id='word_1_112' title='bbox 55 866 174 904; x_wconf 89' lang='lat' dir='ltr'>modo</span> <span class='ocrx_word' id='word_1_113' title='bbox 196 867 325 906; x_wconf 87' lang='lat' dir='ltr'>multis</span> <span class='ocrx_word' id='word_1_114' title='bbox 352 867 469 906; x_wconf 86' lang='lat' dir='ltr'>armis</span> <span class='ocrx_word' id='word_1_115' title='bbox 499 867 668 917; x_wconf 64' lang='lat' dir='ltr'>virisque</span> <span class='ocrx_word' id='word_1_116' title='bbox 694 866 832 904; x_wconf 77' lang='lat' dir='ltr'>relictis</span> <span class='ocrx_word' id='word_1_117' title='bbox 862 866 1008 903; x_wconf 84' lang='lat' dir='ltr'>flumen</span> <span class='ocrx_word' id='word_1_118' title='bbox 1039 866 1265 904; x_wconf 87' lang='lat' dir='ltr'>traiecerint.</span> <span class='ocrx_word' id='word_1_119' title='bbox 1298 866 1358 904; x_wconf 93' lang='lat' dir='ltr'>hic</span> <span class='ocrx_word' id='word_1_120' title='bbox 1388 867 1476 905; x_wconf 83' lang='lat' dir='ltr'>linis</span> <span class='ocrx_word' id='word_1_121' title='bbox 1499 876 1535 907; x_wconf 88' lang='lat'>11</span> 
     </span>
     <span class='ocr_line' id='line_1_14' title="bbox 56 922 1475 973; baseline -0.001 -12"><span class='ocrx_word' id='word_1_122' title='bbox 56 924 244 973; x_wconf 88' lang='lat' dir='ltr'>sequendi</span> <span class='ocrx_word' id='word_1_123' title='bbox 275 924 356 962; x_wconf 86' lang='lat' dir='ltr'>suit.</span> <span class='ocrx_word' id='word_1_124' title='bbox 405 924 495 962; x_wconf 89' lang='lat' dir='ltr'>inde</span> <span class='ocrx_word' id='word_1_125' title='bbox 526 930 606 962; x_wconf 87' lang='lat' dir='ltr'>tuto</span> <span class='ocrx_word' id='word_1_126' title='bbox 628 923 857 962; x_wconf 73' lang='lat' dir='ltr'>Macedones</span> <span class='ocrx_word' id='word_1_127' title='bbox 877 922 1078 972; x_wconf 83' lang='lat' dir='ltr'>Gomphos</span> <span class='ocrx_word' id='word_1_128' title='bbox 1108 929 1144 961; x_wconf 87' lang='lat' dir='ltr'>et</span> <span class='ocrx_word' id='word_1_129' title='bbox 1173 935 1191 960; x_wconf 91' lang='lat' dir='ltr'>a</span> <span class='ocrx_word' id='word_1_130' title='bbox 1219 922 1407 973; x_wconf 85' lang='lat' dir='ltr'>Gomphis</span> <span class='ocrx_word' id='word_1_131' title='bbox 1437 923 1475 961; x_wconf 92' lang='lat' dir='ltr'>in</span> 
     </span>
     <span class='ocr_line' id='line_1_15' title="bbox 57 979 1538 1030; baseline -0.001 -12"><span class='ocrx_word' id='word_1_132' title='bbox 57 979 321 1019; x_wconf 88' lang='lat' dir='ltr'>Macedoniam</span> <span class='ocrx_word' id='word_1_133' title='bbox 352 980 561 1018; x_wconf 83' lang='lat' dir='ltr'>redierunt.</span> <span class='ocrx_word' id='word_1_134' title='bbox 611 980 842 1018; x_wconf 82' lang='lat' dir='ltr'>Athamanes</span> <span class='ocrx_word' id='word_1_135' title='bbox 870 979 1070 1029; x_wconf 81' lang='lat' dir='ltr'>Aetolique</span> <span class='ocrx_word' id='word_1_136' title='bbox 1090 979 1294 1030; x_wconf 86' lang='lat' dir='ltr'>Ethopiam</span> <span class='ocrx_word' id='word_1_137' title='bbox 1325 979 1370 1017; x_wconf 88' lang='lat' dir='ltr'>ad</span> <span class='ocrx_word' id='word_1_138' title='bbox 1398 979 1476 1017; x_wconf 89' lang='lat' dir='ltr'>Xe·</span> <span class='ocrx_word' id='word_1_139' title='bbox 1500 990 1538 1021; x_wconf 82' lang='lat'>12</span> 
     </span>
     <span class='ocr_line' id='line_1_16' title="bbox 57 1034 1476 1086; baseline 0.001 -13"><span class='ocrx_word' id='word_1_140' title='bbox 57 1048 202 1074; x_wconf 88' lang='lat' dir='ltr'>nonem</span> <span class='ocrx_word' id='word_1_141' title='bbox 234 1049 277 1075; x_wconf 85' lang='lat' dir='ltr'>ae</span> <span class='ocrx_word' id='word_1_142' title='bbox 299 1034 409 1075; x_wconf 63' lang='lat' dir='ltr'>vmille</span> <span class='ocrx_word' id='word_1_143' title='bbox 429 1037 658 1074; x_wconf 86' lang='lat' dir='ltr'>Macedonas</span> <span class='ocrx_word' id='word_1_144' title='bbox 680 1036 959 1086; x_wconf 88' lang='lat' dir='ltr'>opprimendos</span> <span class='ocrx_word' id='word_1_145' title='bbox 983 1035 1156 1086; x_wconf 84' lang='lat' dir='ltr'>undique</span> <span class='ocrx_word' id='word_1_146' title='bbox 1179 1042 1476 1075; x_wconf 84' lang='lat' dir='ltr'>concurrerunt.</span> 
     </span>
     <span class='ocr_line' id='line_1_17' title="bbox 54 1092 1538 1143; baseline -0.001 -12"><span class='ocrx_word' id='word_1_147' title='bbox 54 1092 284 1131; x_wconf 85' lang='lat' dir='ltr'>Macedones</span> <span class='ocrx_word' id='word_1_148' title='bbox 308 1104 446 1143; x_wconf 90' lang='lat' dir='ltr'>parum</span> <span class='ocrx_word' id='word_1_149' title='bbox 468 1093 553 1131; x_wconf 88' lang='lat' dir='ltr'>loco</span> <span class='ocrx_word' id='word_1_150' title='bbox 576 1093 661 1131; x_wconf 87' lang='lat' dir='ltr'>freti</span> <span class='ocrx_word' id='word_1_151' title='bbox 685 1093 731 1131; x_wconf 89' lang='lat' dir='ltr'>ah</span> <span class='ocrx_word' id='word_1_152' title='bbox 751 1092 914 1143; x_wconf 87' lang='lat' dir='ltr'>Ethopia</span> <span class='ocrx_word' id='word_1_153' title='bbox 936 1092 975 1130; x_wconf 90' lang='lat' dir='ltr'>in</span> <span class='ocrx_word' id='word_1_154' title='bbox 993 1092 1165 1130; x_wconf 86' lang='lat' dir='ltr'>altiorem</span> <span class='ocrx_word' id='word_1_155' title='bbox 1188 1092 1476 1143; x_wconf 83' lang='lat' dir='ltr'>deruptiorem-</span> <span class='ocrx_word' id='word_1_156' title='bbox 1500 1103 1538 1134; x_wconf 77' lang='lat'>13</span> 
     </span>
     <span class='ocr_line' id='line_1_18' title="bbox 56 1148 1476 1199; baseline 0.001 -12"><span class='ocrx_word' id='word_1_157' title='bbox 56 1161 132 1199; x_wconf 91' lang='lat' dir='ltr'>que</span> <span class='ocrx_word' id='word_1_158' title='bbox 160 1149 332 1199; x_wconf 88' lang='lat' dir='ltr'>undique</span> <span class='ocrx_word' id='word_1_159' title='bbox 360 1149 556 1187; x_wconf 88' lang='lat' dir='ltr'>tumulum</span> <span class='ocrx_word' id='word_1_160' title='bbox 587 1161 835 1195; x_wconf 76' lang='lat' dir='ltr'>coneessere3</span> <span class='ocrx_word' id='word_1_161' title='bbox 868 1161 946 1199; x_wconf 87' lang='lat' dir='ltr'>quo</span> <span class='ocrx_word' id='word_1_162' title='bbox 974 1148 1150 1199; x_wconf 89' lang='lat' dir='ltr'>pluribus</span> <span class='ocrx_word' id='word_1_163' title='bbox 1177 1161 1222 1186; x_wconf 88' lang='lat' dir='ltr'>ex</span> <span class='ocrx_word' id='word_1_164' title='bbox 1248 1149 1342 1187; x_wconf 90' lang='lat' dir='ltr'>locis</span> <span class='ocrx_word' id='word_1_165' title='bbox 1373 1149 1476 1188; x_wconf 85' lang='lat' dir='ltr'>aditu</span> 
     </span>
     <span class='ocr_line' id='line_1_19' title="bbox 55 1205 1538 1256; baseline 0.001 -13"><span class='ocrx_word' id='word_1_166' title='bbox 55 1205 213 1244; x_wconf 87' lang='lat' dir='ltr'>invento</span> <span class='ocrx_word' id='word_1_167' title='bbox 237 1206 419 1256; x_wconf 83' lang='lat' dir='ltr'>expulere</span> <span class='ocrx_word' id='word_1_168' title='bbox 441 1218 508 1244; x_wconf 89' lang='lat' dir='ltr'>eos</span> <span class='ocrx_word' id='word_1_169' title='bbox 529 1206 775 1253; x_wconf 84' lang='lat' dir='ltr'>Athamanes,</span> <span class='ocrx_word' id='word_1_170' title='bbox 802 1206 1076 1256; x_wconf 85' lang='lat' dir='ltr'>dispersosque</span> <span class='ocrx_word' id='word_1_171' title='bbox 1099 1211 1135 1244; x_wconf 86' lang='lat' dir='ltr'>et</span> <span class='ocrx_word' id='word_1_172' title='bbox 1154 1217 1223 1256; x_wconf 89' lang='lat' dir='ltr'>per</span> <span class='ocrx_word' id='word_1_173' title='bbox 1243 1205 1343 1243; x_wconf 88' lang='lat' dir='ltr'>invia</span> <span class='ocrx_word' id='word_1_174' title='bbox 1363 1213 1477 1256; x_wconf 86' lang='lat' dir='ltr'>atque</span> <span class='ocrx_word' id='word_1_175' title='bbox 1501 1217 1538 1248; x_wconf 77' lang='lat'>14</span> 
     </span>
     <span class='ocr_line' id='line_1_20' title="bbox 54 1261 1477 1313; baseline 0.001 -14"><span class='ocrx_word' id='word_1_176' title='bbox 54 1261 204 1312; x_wconf 88' lang='lat' dir='ltr'>ignotas</span> <span class='ocrx_word' id='word_1_177' title='bbox 235 1274 352 1313; x_wconf 90' lang='lat' dir='ltr'>rupes</span> <span class='ocrx_word' id='word_1_178' title='bbox 380 1262 451 1300; x_wconf 89' lang='lat' dir='ltr'>iter</span> <span class='ocrx_word' id='word_1_179' title='bbox 471 1264 583 1313; x_wconf 80' lang='lat' dir='ltr'>fugae</span> <span class='ocrx_word' id='word_1_180' title='bbox 605 1274 684 1300; x_wconf 87' lang='lat' dir='ltr'>non</span> <span class='ocrx_word' id='word_1_181' title='bbox 707 1262 945 1313; x_wconf 80' lang='lat' dir='ltr'>expedientis</span> <span class='ocrx_word' id='word_1_182' title='bbox 968 1262 1106 1312; x_wconf 90' lang='lat' dir='ltr'>partim</span> <span class='ocrx_word' id='word_1_183' title='bbox 1129 1269 1317 1313; x_wconf 88' lang='lat' dir='ltr'>ceperunt</span> <span class='ocrx_word' id='word_1_184' title='bbox 1338 1263 1477 1312; x_wconf 88' lang='lat' dir='ltr'>partim</span> 
     </span>
     <span class='ocr_line' id='line_1_21' title="bbox 54 1318 1477 1369; baseline 0.001 -13"><span class='ocrx_word' id='word_1_185' title='bbox 54 1318 346 1357; x_wconf 83' lang='lat' dir='ltr'>interfecerunt.</span> <span class='ocrx_word' id='word_1_186' title='bbox 377 1319 487 1357; x_wconf 89' lang='lat' dir='ltr'>multi</span> <span class='ocrx_word' id='word_1_187' title='bbox 508 1331 651 1369; x_wconf 84' lang='lat' dir='ltr'>pavore</span> <span class='ocrx_word' id='word_1_188' title='bbox 671 1319 710 1357; x_wconf 89' lang='lat' dir='ltr'>in</span> <span class='ocrx_word' id='word_1_189' title='bbox 731 1318 893 1369; x_wconf 86' lang='lat' dir='ltr'>derupta</span> <span class='ocrx_word' id='word_1_190' title='bbox 913 1319 1169 1369; x_wconf 71' lang='lat' dir='ltr'>praecipitati,</span> <span class='ocrx_word' id='word_1_191' title='bbox 1192 1319 1375 1369; x_wconf 85' lang='lat' dir='ltr'>perpauci</span> <span class='ocrx_word' id='word_1_192' title='bbox 1388 1331 1477 1357; x_wconf 91' lang='lat' dir='ltr'>cum</span> 
     </span>
     <span class='ocr_line' id='line_1_22' title="bbox 54 1374 1477 1426; baseline 0.001 -13"><span class='ocrx_word' id='word_1_193' title='bbox 54 1374 217 1413; x_wconf 86' lang='lat' dir='ltr'>Xenone</span> <span class='ocrx_word' id='word_1_194' title='bbox 245 1375 291 1413; x_wconf 87' lang='lat' dir='ltr'>ad</span> <span class='ocrx_word' id='word_1_195' title='bbox 315 1387 445 1425; x_wconf 82' lang='lat' dir='ltr'>regem</span> <span class='ocrx_word' id='word_1_196' title='bbox 468 1382 685 1414; x_wconf 78' lang='lat' dir='ltr'>evaserunt.</span> <span class='ocrx_word' id='word_1_197' title='bbox 723 1381 855 1426; x_wconf 85' lang='lat' dir='ltr'>postea</span> <span class='ocrx_word' id='word_1_198' title='bbox 879 1387 948 1425; x_wconf 91' lang='lat' dir='ltr'>per</span> <span class='ocrx_word' id='word_1_199' title='bbox 969 1375 1137 1414; x_wconf 85' lang='lat' dir='ltr'>indutias</span> <span class='ocrx_word' id='word_1_200' title='bbox 1160 1375 1370 1426; x_wconf 83' lang='lat' dir='ltr'>sepeliendi</span> <span class='ocrx_word' id='word_1_201' title='bbox 1390 1388 1477 1414; x_wconf 90' lang='lat' dir='ltr'>cae-</span> 
     </span>
     <span class='ocr_line' id='line_1_23' title="bbox 55 1432 1524 1483; baseline 0.001 -14"><span class='ocrx_word' id='word_1_202' title='bbox 55 1443 121 1469; x_wconf 89' lang='lat' dir='ltr'>sos</span> <span class='ocrx_word' id='word_1_203' title='bbox 152 1438 319 1482; x_wconf 81' lang='lat' dir='ltr'>potestas</span> <span class='ocrx_word' id='word_1_204' title='bbox 348 1434 444 1470; x_wconf 84' lang='lat' dir='ltr'>sacta</span> <span class='ocrx_word' id='word_1_205' title='bbox 475 1438 542 1471; x_wconf 85' lang='lat' dir='ltr'>est.</span> <span class='ocrx_word' id='word_1_206' title='bbox 590 1432 842 1483; x_wconf 70' lang='lat' dir='ltr'>Amynander</span> <span class='ocrx_word' id='word_1_207' title='bbox 870 1437 1098 1482; x_wconf 82' lang='lat' dir='ltr'>recuperato</span> <span class='ocrx_word' id='word_1_208' title='bbox 1127 1444 1249 1482; x_wconf 79' lang='lat' dir='ltr'>regno</span> <span class='ocrx_word' id='word_1_209' title='bbox 1277 1432 1420 1483; x_wconf 81' lang='lat' dir='ltr'>legatos</span> <span class='ocrx_word' id='word_1_210' title='bbox 1442 1438 1479 1471; x_wconf 84' lang='lat' dir='ltr'>et</span> <span class='ocrx_word' id='word_1_211' title='bbox 1497 1440 1524 1479; x_wconf 86' lang='lat'><strong>3</strong></span> 
     </span>
     <span class='ocr_line' id='line_1_24' title="bbox 56 1488 1476 1539; baseline 0.001 -14"><span class='ocrx_word' id='word_1_212' title='bbox 56 1488 222 1526; x_wconf 89' lang='lat' dir='ltr'>Romam</span> <span class='ocrx_word' id='word_1_213' title='bbox 253 1489 297 1527; x_wconf 91' lang='lat' dir='ltr'>ad</span> <span class='ocrx_word' id='word_1_214' title='bbox 325 1495 501 1527; x_wconf 86' lang='lat' dir='ltr'>senatum</span> <span class='ocrx_word' id='word_1_215' title='bbox 534 1494 570 1527; x_wconf 88' lang='lat' dir='ltr'>et</span> <span class='ocrx_word' id='word_1_216' title='bbox 597 1489 642 1527; x_wconf 85' lang='lat' dir='ltr'>ad</span> <span class='ocrx_word' id='word_1_217' title='bbox 666 1488 867 1539; x_wconf 81' lang='lat' dir='ltr'>Scipiones</span> <span class='ocrx_word' id='word_1_218' title='bbox 886 1488 925 1526; x_wconf 91' lang='lat' dir='ltr'>in</span> <span class='ocrx_word' id='word_1_219' title='bbox 947 1488 1088 1534; x_wconf 86' lang='lat' dir='ltr'>Asiam,</span> <span class='ocrx_word' id='word_1_220' title='bbox 1121 1488 1263 1539; x_wconf 82' lang='lat' dir='ltr'>Ephesi</span> <span class='ocrx_word' id='word_1_221' title='bbox 1282 1494 1371 1539; x_wconf 86' lang='lat' dir='ltr'>post</span> <span class='ocrx_word' id='word_1_222' title='bbox 1393 1501 1476 1527; x_wconf 89' lang='lat' dir='ltr'>ma—</span> 
     </span>
    </p>

    <p class='ocr_par' dir='ltr' id='par_1_2' title="bbox 12 1545 1561 1597">
     <span class='ocr_line' id='line_1_25' title="bbox 12 1545 1561 1597; baseline 0.001 -15"><span class='ocrx_word' id='word_1_223' title='bbox 12 1548 15 1551; x_wconf 86' lang='lat'>&#39;</span> <span class='ocrx_word' id='word_1_224' title='bbox 56 1556 177 1595; x_wconf 87' lang='lat' dir='ltr'>gnum</span> <span class='ocrx_word' id='word_1_225' title='bbox 209 1557 299 1583; x_wconf 89' lang='lat' dir='ltr'>cum</span> <span class='ocrx_word' id='word_1_226' title='bbox 320 1545 512 1583; x_wconf 86' lang='lat' dir='ltr'>Antiocho</span> <span class='ocrx_word' id='word_1_227' title='bbox 543 1545 736 1596; x_wconf 86' lang='lat' dir='ltr'>proelium</span> <span class='ocrx_word' id='word_1_228' title='bbox 767 1550 975 1591; x_wconf 86' lang='lat' dir='ltr'>morantes,</span> <span class='ocrx_word' id='word_1_229' title='bbox 1003 1545 1117 1584; x_wconf 90' lang='lat' dir='ltr'>misit.</span> <span class='ocrx_word' id='word_1_230' title='bbox 1162 1557 1294 1595; x_wconf 88' lang='lat' dir='ltr'>pacem</span> <span class='ocrx_word' id='word_1_231' title='bbox 1326 1545 1515 1595; x_wconf 77' lang='lat' dir='ltr'>petehat2</span> <span class='ocrx_word' id='word_1_232' title='bbox 1559 1595 1561 1597; x_wconf 17' lang='grc' dir='ltr'><strong><em>ι</em></strong></span> 
     </span>
    </p>
   </div>
   <div class='ocr_carea' id='block_1_2' title="bbox 54 1706 734 2483">
    <p class='ocr_par' dir='ltr' id='par_1_3' title="bbox 54 1706 734 2483">
     <span class='ocr_line' id='line_1_26' title="bbox 55 1706 734 1759; baseline 0 -15"><span class='ocrx_word' id='word_1_233' title='bbox 55 1706 167 1759; x_wconf 63' lang='grc' dir='ltr'><em>ἄκρῃς</em></span> <span class='ocrx_word' id='word_1_234' title='bbox 192 1712 231 1746; x_wconf 73' lang='grc' dir='ltr'>ἓν</span> <span class='ocrx_word' id='word_1_235' title='bbox 257 1708 466 1745; x_wconf 77' lang='grc' dir='ltr'><em>πτόλεσσιν.</em></span> <span class='ocrx_word' id='word_1_236' title='bbox 496 1729 540 1734; x_wconf 90' lang='lat'>—</span> <span class='ocrx_word' id='word_1_237' title='bbox 571 1715 734 1745; x_wconf 74' lang='lat' dir='ltr'>constitere</span> 
     </span>
     <span class='ocr_line' id='line_1_27' title="bbox 56 1760 734 1800; baseline 0 -10"><span class='ocrx_word' id='word_1_238' title='bbox 56 1776 100 1780; x_wconf 98' lang='lat'><strong>—</strong></span> <span class='ocrx_word' id='word_1_239' title='bbox 127 1764 195 1790; x_wconf 75' lang='lat' dir='ltr'>erac</span> <span class='ocrx_word' id='word_1_240' title='bbox 229 1775 272 1780; x_wconf 84' lang='lat'><em>—</em></span> <span class='ocrx_word' id='word_1_241' title='bbox 296 1760 448 1800; x_wconf 72' lang='lat' dir='ltr'>coyitare,</span> <span class='ocrx_word' id='word_1_242' title='bbox 483 1768 507 1790; x_wconf 85' lang='lat' dir='ltr'>s.</span> <span class='ocrx_word' id='word_1_243' title='bbox 534 1760 588 1799; x_wconf 85' lang='lat'>25,</span> <span class='ocrx_word' id='word_1_244' title='bbox 610 1760 663 1797; x_wconf 86' lang='lat'>29,</span> <span class='ocrx_word' id='word_1_245' title='bbox 690 1760 734 1800; x_wconf 82' lang='lat'>93</span> 
     </span>
     <span class='ocr_line' id='line_1_28' title="bbox 59 1805 733 1845; baseline -0.001 -8"><span class='ocrx_word' id='word_1_246' title='bbox 59 1805 88 1843; x_wconf 95' lang='lat'>1,</span> <span class='ocrx_word' id='word_1_247' title='bbox 104 1805 158 1843; x_wconf 83' lang='lat'>54,</span> <span class='ocrx_word' id='word_1_248' title='bbox 181 1805 236 1837; x_wconf 91' lang='lat'>10:</span> <span class='ocrx_word' id='word_1_249' title='bbox 252 1805 733 1845; x_wconf 70' lang='lat' dir='ltr'>suere—adimi—tradae&#39;tur;</span> 
     </span>
     <span class='ocr_line' id='line_1_29' title="bbox 55 1850 730 1891; baseline 0 -9"><span class='ocrx_word' id='word_1_250' title='bbox 55 1850 87 1887; x_wconf 84' lang='lat'>2,</span> <span class='ocrx_word' id='word_1_251' title='bbox 114 1850 167 1888; x_wconf 86' lang='lat'>53,</span> <span class='ocrx_word' id='word_1_252' title='bbox 198 1851 211 1882; x_wconf 96' lang='lat'>1</span> <span class='ocrx_word' id='word_1_253' title='bbox 238 1859 269 1880; x_wconf 94' lang='lat' dir='ltr'>u.</span> <span class='ocrx_word' id='word_1_254' title='bbox 295 1859 324 1880; x_wconf 87' lang='lat' dir='ltr'>a.</span> <span class='ocrx_word' id='word_1_255' title='bbox 350 1867 392 1872; x_wconf 97' lang='lat'>—</span> <span class='ocrx_word' id='word_1_256' title='bbox 414 1851 555 1891; x_wconf 52' lang='lat' dir='ltr'>dormies„</span> <span class='ocrx_word' id='word_1_257' title='bbox 584 1851 616 1888; x_wconf 83' lang='lat'>9,</span> <span class='ocrx_word' id='word_1_258' title='bbox 643 1851 674 1889; x_wconf 86' lang='lat'>2,</span> <span class='ocrx_word' id='word_1_259' title='bbox 701 1851 730 1882; x_wconf 90' lang='lat'>9.</span> 
     </span>
     <span class='ocr_line' id='line_1_30' title="bbox 55 1894 733 1927; baseline 0 -1"><span class='ocrx_word' id='word_1_260' title='bbox 55 1913 99 1917; x_wconf 95' lang='lat'>—</span> <span class='ocrx_word' id='word_1_261' title='bbox 135 1897 260 1926; x_wconf 77' lang='lat' dir='ltr'>tumult.</span> <span class='ocrx_word' id='word_1_262' title='bbox 298 1894 400 1927; x_wconf 87' lang='lat' dir='ltr'>findet</span> <span class='ocrx_word' id='word_1_263' title='bbox 430 1896 501 1926; x_wconf 89' lang='lat' dir='ltr'>sich</span> <span class='ocrx_word' id='word_1_264' title='bbox 526 1899 618 1927; x_wconf 90' lang='lat' dir='ltr'>sonst</span> <span class='ocrx_word' id='word_1_265' title='bbox 643 1895 733 1926; x_wconf 87' lang='lat' dir='ltr'>nicht</span> 
     </span>
     <span class='ocr_line' id='line_1_31' title="bbox 55 1939 732 1972; baseline 0 0"><span class='ocrx_word' id='word_1_266' title='bbox 55 1940 159 1972; x_wconf 87' lang='lat' dir='ltr'>leieht</span> <span class='ocrx_word' id='word_1_267' title='bbox 202 1940 253 1972; x_wconf 87' lang='lat' dir='ltr'>bei</span> <span class='ocrx_word' id='word_1_268' title='bbox 294 1940 354 1972; x_wconf 85' lang='lat' dir='ltr'>den</span> <span class='ocrx_word' id='word_1_269' title='bbox 398 1939 550 1972; x_wconf 86' lang='lat' dir='ltr'>besseren</span> <span class='ocrx_word' id='word_1_270' title='bbox 589 1940 732 1972; x_wconf 85' lang='lat' dir='ltr'>Schrift-</span> 
     </span>
     <span class='ocr_line' id='line_1_32' title="bbox 54 1986 734 2027; baseline 0 -10"><span class='ocrx_word' id='word_1_271' title='bbox 54 1986 202 2017; x_wconf 87' lang='lat' dir='ltr'>stelleru.</span> <span class='ocrx_word' id='word_1_272' title='bbox 230 2003 275 2009; x_wconf 92' lang='lat'>—</span> <span class='ocrx_word' id='word_1_273' title='bbox 303 1988 334 2017; x_wconf 76' lang='lat' dir='ltr'>si</span> <span class='ocrx_word' id='word_1_274' title='bbox 353 1997 384 2018; x_wconf 74' lang='lat' dir='ltr'>se</span> <span class='ocrx_word' id='word_1_275' title='bbox 405 1997 466 2027; x_wconf 79' lang='lat' dir='ltr'>seq.</span> <span class='ocrx_word' id='word_1_276' title='bbox 488 1986 618 2018; x_wconf 75' lang='lat' dir='ltr'>enth&#39;alt</span> <span class='ocrx_word' id='word_1_277' title='bbox 642 1986 734 2017; x_wconf 85' lang='lat' dir='ltr'>nieht</span> 
     </span>
     <span class='ocr_line' id='line_1_33' title="bbox 55 2031 732 2073; baseline 0.003 -11"><span class='ocrx_word' id='word_1_278' title='bbox 55 2031 162 2063; x_wconf 85' lang='lat' dir='ltr'>sowol</span> <span class='ocrx_word' id='word_1_279' title='bbox 186 2031 238 2063; x_wconf 84' lang='lat' dir='ltr'>die</span> <span class='ocrx_word' id='word_1_280' title='bbox 264 2031 454 2073; x_wconf 85' lang='lat' dir='ltr'>Bedingung</span> <span class='ocrx_word' id='word_1_281' title='bbox 486 2043 525 2063; x_wconf 91' lang='lat' dir='ltr'>zu</span> <span class='ocrx_word' id='word_1_282' title='bbox 560 2035 732 2072; x_wconf 76' lang='lat' dir='ltr'>cupientem</span> 
     </span>
     <span class='ocr_line' id='line_1_34' title="bbox 56 2078 733 2118; baseline 0 -9"><span class='ocrx_word' id='word_1_283' title='bbox 56 2080 185 2109; x_wconf 80' lang='lat' dir='ltr'>evadere</span> <span class='ocrx_word' id='word_1_284' title='bbox 207 2092 253 2103; x_wconf 89' lang='lat'><strong><em>=</em></strong></span> <span class='ocrx_word' id='word_1_285' title='bbox 275 2079 336 2118; x_wconf 80' lang='lat' dir='ltr'>qm·</span> <span class='ocrx_word' id='word_1_286' title='bbox 357 2084 481 2116; x_wconf 79' lang='lat' dir='ltr'>cuperet</span> <span class='ocrx_word' id='word_1_287' title='bbox 504 2089 567 2117; x_wconf 81' lang='lat' dir='ltr'>ev.,</span> <span class='ocrx_word' id='word_1_288' title='bbox 605 2078 646 2109; x_wconf 88' lang='lat' dir='ltr'>da</span> <span class='ocrx_word' id='word_1_289' title='bbox 674 2078 733 2110; x_wconf 89' lang='lat' dir='ltr'>der</span> 
     </span>
     <span class='ocr_line' id='line_1_35' title="bbox 56 2121 732 2164; baseline 0.001 -11"><span class='ocrx_word' id='word_1_290' title='bbox 56 2121 167 2163; x_wconf 71' lang='lat' dir='ltr'>Konig</span> <span class='ocrx_word' id='word_1_291' title='bbox 201 2122 342 2154; x_wconf 81' lang='lat' dir='ltr'>ohne-hin</span> <span class='ocrx_word' id='word_1_292' title='bbox 380 2123 440 2154; x_wconf 87' lang='lat' dir='ltr'>den</span> <span class='ocrx_word' id='word_1_293' title='bbox 473 2123 623 2155; x_wconf 82' lang='lat' dir='ltr'>VVunsch</span> <span class='ocrx_word' id='word_1_294' title='bbox 661 2124 732 2164; x_wconf 82' lang='lat' dir='ltr'>hat,</span> 
     </span>
     <span class='ocr_line' id='line_1_36' title="bbox 57 2168 732 2201; baseline 0.001 -2"><span class='ocrx_word' id='word_1_295' title='bbox 57 2168 106 2199; x_wconf 91' lang='lat' dir='ltr'>als</span> <span class='ocrx_word' id='word_1_296' title='bbox 131 2179 170 2199; x_wconf 90' lang='lat' dir='ltr'>zu</span> <span class='ocrx_word' id='word_1_297' title='bbox 196 2168 300 2200; x_wconf 86' lang='lat' dir='ltr'>eiuem</span> <span class='ocrx_word' id='word_1_298' title='bbox 336 2178 394 2199; x_wconf 89' lang='lat' dir='ltr'>aus</span> <span class='ocrx_word' id='word_1_299' title='bbox 423 2168 493 2200; x_wconf 83' lang='lat' dir='ltr'>dem</span> <span class='ocrx_word' id='word_1_300' title='bbox 518 2168 732 2201; x_wconf 84' lang='lat' dir='ltr'>Zusammen-</span> 
     </span>
     <span class='ocr_line' id='line_1_37' title="bbox 55 2213 733 2254; baseline 0.003 -10"><span class='ocrx_word' id='word_1_301' title='bbox 55 2213 164 2254; x_wconf 84' lang='lat' dir='ltr'>hange</span> <span class='ocrx_word' id='word_1_302' title='bbox 211 2224 249 2245; x_wconf 91' lang='lat' dir='ltr'>zu</span> <span class='ocrx_word' id='word_1_303' title='bbox 297 2214 495 2246; x_wconf 85' lang='lat' dir='ltr'>nehmenden</span> <span class='ocrx_word' id='word_1_304' title='bbox 535 2213 733 2246; x_wconf 87' lang='lat' dir='ltr'>Gedanken:</span> 
     </span>
     <span class='ocr_line' id='line_1_38' title="bbox 56 2259 732 2301; baseline 0.001 -11"><span class='ocrx_word' id='word_1_305' title='bbox 56 2259 121 2290; x_wconf 91' lang='lat' dir='ltr'>und</span> <span class='ocrx_word' id='word_1_306' title='bbox 153 2268 248 2291; x_wconf 76' lang='lat' dir='ltr'>wenn</span> <span class='ocrx_word' id='word_1_307' title='bbox 282 2277 343 2298; x_wconf 84' lang='lat'>—,</span> <span class='ocrx_word' id='word_1_308' title='bbox 380 2269 414 2290; x_wconf 87' lang='lat' dir='ltr'>es</span> <span class='ocrx_word' id='word_1_309' title='bbox 447 2264 581 2301; x_wconf 82' lang='lat' dir='ltr'>gewagt</span> <span class='ocrx_word' id='word_1_310' title='bbox 613 2260 732 2300; x_wconf 80' lang='lat' dir='ltr'>haben,</span> 
     </span>
     <span class='ocr_line' id='line_1_39' title="bbox 58 2304 731 2346; baseline 0.004 -11"><span class='ocrx_word' id='word_1_311' title='bbox 58 2304 156 2335; x_wconf 88' lang='lat' dir='ltr'>rasch</span> <span class='ocrx_word' id='word_1_312' title='bbox 199 2304 445 2345; x_wconf 83' lang='lat' dir='ltr'>durchgezogeu</span> <span class='ocrx_word' id='word_1_313' title='bbox 493 2305 563 2337; x_wconf 89' lang='lat' dir='ltr'>sein</span> <span class='ocrx_word' id='word_1_314' title='bbox 606 2306 731 2346; x_wconf 84' lang='lat' dir='ltr'>wiirde,</span> 
     </span>
     <span class='ocr_line' id='line_1_40' title="bbox 58 2350 729 2391; baseline 0.006 -11"><span class='ocrx_word' id='word_1_315' title='bbox 58 2350 138 2381; x_wconf 88' lang='lat' dir='ltr'>oder</span> <span class='ocrx_word' id='word_1_316' title='bbox 160 2364 206 2376; x_wconf 85' lang='lat'>=</span> <span class='ocrx_word' id='word_1_317' title='bbox 228 2353 258 2381; x_wconf 72' lang='lat' dir='ltr'>si</span> <span class='ocrx_word' id='word_1_318' title='bbox 280 2368 335 2387; x_wconf 91' lang='lat'>—-,</span> <span class='ocrx_word' id='word_1_319' title='bbox 364 2353 491 2389; x_wconf 75' lang='lat' dir='ltr'>raptim,</span> <span class='ocrx_word' id='word_1_320' title='bbox 517 2357 553 2383; x_wconf 77' lang='lat' dir='ltr'>ut</span> <span class='ocrx_word' id='word_1_321' title='bbox 577 2353 729 2391; x_wconf 76' lang='lat' dir='ltr'>cupiebat,</span> 
     </span>
     <span class='ocr_line' id='line_1_41' title="bbox 56 2396 731 2438; baseline 0.001 -11"><span class='ocrx_word' id='word_1_322' title='bbox 56 2398 203 2428; x_wconf 69' lang='lat' dir='ltr'>evasisset</span> <span class='ocrx_word' id='word_1_323' title='bbox 226 2399 400 2438; x_wconf 71' lang='lat' dir='ltr'>anyustias,</span> <span class='ocrx_word' id='word_1_324' title='bbox 427 2396 492 2436; x_wconf 83' lang='lat' dir='ltr'><strong>vgl.</strong></span> <span class='ocrx_word' id='word_1_325' title='bbox 513 2398 541 2435; x_wconf 83' lang='lat'>1,</span> <span class='ocrx_word' id='word_1_326' title='bbox 567 2398 621 2437; x_wconf 81' lang='lat'>48,</span> <span class='ocrx_word' id='word_1_327' title='bbox 648 2399 731 2430; x_wconf 87' lang='lat'>9.—</span> 
     </span>
     <span class='ocr_line' id='line_1_42' title="bbox 57 2442 549 2483; baseline 0.002 -11"><span class='ocrx_word' id='word_1_328' title='bbox 57 2444 145 2473; x_wconf 81' lang='lat' dir='ltr'>evad.</span> <span class='ocrx_word' id='word_1_329' title='bbox 167 2453 254 2483; x_wconf 54' lang='grc' dir='ltr'><strong>(ηιμ,</strong></span> <span class='ocrx_word' id='word_1_330' title='bbox 279 2452 304 2473; x_wconf 75' lang='lat' dir='ltr'>s,</span> <span class='ocrx_word' id='word_1_331' title='bbox 335 2443 389 2480; x_wconf 82' lang='lat'>21,</span> <span class='ocrx_word' id='word_1_332' title='bbox 417 2442 470 2481; x_wconf 82' lang='lat'>32,</span> <span class='ocrx_word' id='word_1_333' title='bbox 501 2443 549 2475; x_wconf 85' lang='lat'>13.</span> 
     </span>
    </p>
   </div>
   <div class='ocr_carea' id='block_1_3' title="bbox 58 2532 728 2620">
    <p class='ocr_par' dir='ltr' id='par_1_4' title="bbox 58 2532 728 2620">
     <span class='ocr_line' id='line_1_43' title="bbox 105 2532 726 2573; baseline -0.002 -8"><span class='ocrx_word' id='word_1_334' title='bbox 105 2532 227 2565; x_wconf 81' lang='lat'>9—14.</span> <span class='ocrx_word' id='word_1_335' title='bbox 266 2543 298 2564; x_wconf 71' lang='lat' dir='ltr'>se</span> <span class='ocrx_word' id='word_1_336' title='bbox 328 2535 474 2565; x_wconf 72' lang='lat' dir='ltr'>coniunx.</span> <span class='ocrx_word' id='word_1_337' title='bbox 501 2544 530 2563; x_wconf 91' lang='lat' dir='ltr'>n.</span> <span class='ocrx_word' id='word_1_338' title='bbox 555 2535 614 2571; x_wconf 77' lang='lat' dir='ltr'>iis,</span> <span class='ocrx_word' id='word_1_339' title='bbox 659 2532 726 2573; x_wconf 85' lang='lat' dir='ltr'>vgl.</span> 
     </span>
     <span class='ocr_line' id='line_1_44' title="bbox 58 2577 728 2620; baseline 0.001 -10"><span class='ocrx_word' id='word_1_340' title='bbox 58 2577 113 2618; x_wconf 86' lang='lat'>22,</span> <span class='ocrx_word' id='word_1_341' title='bbox 141 2578 194 2615; x_wconf 82' lang='lat'>50,</span> <span class='ocrx_word' id='word_1_342' title='bbox 221 2580 258 2611; x_wconf 85' lang='lat'>5:</span> <span class='ocrx_word' id='word_1_343' title='bbox 283 2589 354 2610; x_wconf 79' lang='lat' dir='ltr'>cum</span> <span class='ocrx_word' id='word_1_344' title='bbox 379 2590 477 2619; x_wconf 83' lang='lat' dir='ltr'>aeque</span> <span class='ocrx_word' id='word_1_345' title='bbox 499 2581 728 2620; x_wconf 72' lang='lat' dir='ltr'>coniunyipoe-</span> 
     </span>
    </p>
   </div>
   <div class='ocr_carea' id='block_1_4' title="bbox 800 1712 1478 2393">
    <p class='ocr_par' dir='ltr' id='par_1_5' title="bbox 800 1712 1478 2393">
     <span class='ocr_line' id='line_1_45' title="bbox 801 1712 1476 1753; baseline 0.003 -9"><span class='ocrx_word' id='word_1_346' title='bbox 801 1719 877 1753; x_wconf 76' lang='lat' dir='ltr'>sent,</span> <span class='ocrx_word' id='word_1_347' title='bbox 907 1724 937 1744; x_wconf 91' lang='grc' dir='ltr'>ιι.</span> <span class='ocrx_word' id='word_1_348' title='bbox 963 1722 992 1744; x_wconf 87' lang='lat' dir='ltr'>a.</span> <span class='ocrx_word' id='word_1_349' title='bbox 1008 1731 1048 1734; x_wconf 91' lang='lat'><em>-</em></span> <span class='ocrx_word' id='word_1_350' title='bbox 1063 1719 1125 1745; x_wconf 76' lang='lat' dir='ltr'>not.</span> <span class='ocrx_word' id='word_1_351' title='bbox 1146 1715 1246 1749; x_wconf 81' lang='lat' dir='ltr'>calles,</span> <span class='ocrx_word' id='word_1_352' title='bbox 1276 1713 1334 1744; x_wconf 87' lang='lat' dir='ltr'>der</span> <span class='ocrx_word' id='word_1_353' title='bbox 1351 1712 1476 1746; x_wconf 87' lang='lat' dir='ltr'>Ueber—</span> 
     </span>
     <span class='ocr_line' id='line_1_46' title="bbox 801 1758 1476 1799; baseline 0.003 -9"><span class='ocrx_word' id='word_1_354' title='bbox 801 1769 887 1799; x_wconf 86' lang='lat' dir='ltr'>gang</span> <span class='ocrx_word' id='word_1_355' title='bbox 911 1758 992 1790; x_wconf 88' lang='lat' dir='ltr'>iiber</span> <span class='ocrx_word' id='word_1_356' title='bbox 1009 1758 1071 1790; x_wconf 87' lang='lat' dir='ltr'>den</span> <span class='ocrx_word' id='word_1_357' title='bbox 1089 1758 1269 1798; x_wconf 82' lang='lat' dir='ltr'>Cercetius,</span> <span class='ocrx_word' id='word_1_358' title='bbox 1295 1769 1319 1790; x_wconf 93' lang='grc'><strong>5.</strong></span> <span class='ocrx_word' id='word_1_359' title='bbox 1340 1760 1393 1799; x_wconf 84' lang='grc'><strong>32,</strong></span> <span class='ocrx_word' id='word_1_360' title='bbox 1425 1761 1476 1798; x_wconf 88' lang='grc'>14,</span> 
     </span>
     <span class='ocr_line' id='line_1_47' title="bbox 806 1806 1476 1845; baseline -0.001 -8"><span class='ocrx_word' id='word_1_361' title='bbox 806 1807 832 1837; x_wconf 89' lang='grc'>1.</span> <span class='ocrx_word' id='word_1_362' title='bbox 862 1822 904 1827; x_wconf 93' lang='grc'><strong>-</strong></span> <span class='ocrx_word' id='word_1_363' title='bbox 932 1807 1100 1845; x_wconf 59' lang='lat' dir='ltr'>transitus,</span> <span class='ocrx_word' id='word_1_364' title='bbox 1131 1806 1185 1839; x_wconf 78' lang='lat'>37,</span> <span class='ocrx_word' id='word_1_365' title='bbox 1213 1807 1242 1844; x_wconf 81' lang='lat'>7,</span> <span class='ocrx_word' id='word_1_366' title='bbox 1273 1806 1322 1837; x_wconf 87' lang='lat'>13.</span> <span class='ocrx_word' id='word_1_367' title='bbox 1341 1823 1384 1826; x_wconf 92' lang='lat'><em>—</em></span> <span class='ocrx_word' id='word_1_368' title='bbox 1407 1807 1476 1845; x_wconf 82' lang='lat' dir='ltr'>flu-</span> 
     </span>
     <span class='ocr_line' id='line_1_48' title="bbox 800 1849 1476 1889; baseline 0.001 -7"><span class='ocrx_word' id='word_1_369' title='bbox 800 1861 890 1889; x_wconf 84' lang='lat' dir='ltr'>men,</span> <span class='ocrx_word' id='word_1_370' title='bbox 928 1849 1206 1881; x_wconf 76' lang='lat' dir='ltr'>wahrscheinlieh</span> <span class='ocrx_word' id='word_1_371' title='bbox 1249 1849 1293 1881; x_wconf 83' lang='lat' dir='ltr'>ist</span> <span class='ocrx_word' id='word_1_372' title='bbox 1326 1850 1385 1882; x_wconf 88' lang='lat' dir='ltr'>der</span> <span class='ocrx_word' id='word_1_373' title='bbox 1418 1861 1476 1883; x_wconf 87' lang='lat' dir='ltr'>aus</span> 
     </span>
     <span class='ocr_line' id='line_1_49' title="bbox 802 1894 1476 1936; baseline 0.001 -9"><span class='ocrx_word' id='word_1_374' title='bbox 802 1896 872 1927; x_wconf 87' lang='lat' dir='ltr'>dem</span> <span class='ocrx_word' id='word_1_375' title='bbox 908 1894 995 1936; x_wconf 83' lang='lat' dir='ltr'>jetzt</span> <span class='ocrx_word' id='word_1_376' title='bbox 1030 1895 1132 1926; x_wconf 85' lang='lat' dir='ltr'>Porta</span> <span class='ocrx_word' id='word_1_377' title='bbox 1169 1899 1353 1936; x_wconf 82' lang='lat' dir='ltr'>genannten</span> <span class='ocrx_word' id='word_1_378' title='bbox 1377 1895 1476 1928; x_wconf 81' lang='lat' dir='ltr'>Passc</span> 
     </span>
     <span class='ocr_line' id='line_1_50' title="bbox 801 1940 1477 1982; baseline 0.003 -10"><span class='ocrx_word' id='word_1_379' title='bbox 801 1941 991 1973; x_wconf 81' lang='lat' dir='ltr'>kommende</span> <span class='ocrx_word' id='word_1_380' title='bbox 1022 1941 1147 1974; x_wconf 89' lang='lat' dir='ltr'>Zufluss</span> <span class='ocrx_word' id='word_1_381' title='bbox 1179 1941 1235 1972; x_wconf 87' lang='lat' dir='ltr'>des</span> <span class='ocrx_word' id='word_1_382' title='bbox 1259 1940 1386 1973; x_wconf 85' lang='lat' dir='ltr'>Peneus</span> <span class='ocrx_word' id='word_1_383' title='bbox 1418 1952 1477 1982; x_wconf 80' lang='lat' dir='ltr'>ge-</span> 
     </span>
     <span class='ocr_line' id='line_1_51' title="bbox 802 1986 1478 2027; baseline 0 -9"><span class='ocrx_word' id='word_1_384' title='bbox 802 1986 922 2027; x_wconf 72' lang='lat' dir='ltr'>meint3</span> <span class='ocrx_word' id='word_1_385' title='bbox 960 1986 1012 2018; x_wconf 88' lang='lat' dir='ltr'>die</span> <span class='ocrx_word' id='word_1_386' title='bbox 1048 1986 1172 2018; x_wconf 88' lang='lat' dir='ltr'>Namen</span> <span class='ocrx_word' id='word_1_387' title='bbox 1208 1986 1478 2019; x_wconf 85' lang='lat' dir='ltr'>uubedeutender</span> 
     </span>
     <span class='ocr_line' id='line_1_52' title="bbox 803 2031 1477 2073; baseline 0 -9"><span class='ocrx_word' id='word_1_388' title='bbox 803 2033 882 2064; x_wconf 88' lang='lat' dir='ltr'>oder</span> <span class='ocrx_word' id='word_1_389' title='bbox 913 2032 1023 2073; x_wconf 82' lang='lat' dir='ltr'>wenig</span> <span class='ocrx_word' id='word_1_390' title='bbox 1056 2032 1238 2064; x_wconf 86' lang='lat' dir='ltr'>bekannter</span> <span class='ocrx_word' id='word_1_391' title='bbox 1263 2031 1379 2064; x_wconf 85' lang='lat' dir='ltr'>Fliisse</span> <span class='ocrx_word' id='word_1_392' title='bbox 1412 2034 1477 2064; x_wconf 89' lang='lat' dir='ltr'>und</span> 
     </span>
     <span class='ocr_line' id='line_1_53' title="bbox 803 2077 1475 2119; baseline 0.001 -10"><span class='ocrx_word' id='word_1_393' title='bbox 803 2077 884 2110; x_wconf 86' lang='lat' dir='ltr'>Orte</span> <span class='ocrx_word' id='word_1_394' title='bbox 910 2078 1071 2119; x_wconf 83' lang='lat' dir='ltr'>iihergeht</span> <span class='ocrx_word' id='word_1_395' title='bbox 1090 2077 1124 2109; x_wconf 92' lang='lat' dir='ltr'>L.</span> <span class='ocrx_word' id='word_1_396' title='bbox 1143 2078 1226 2108; x_wconf 82' lang='lat' dir='ltr'>auch</span> <span class='ocrx_word' id='word_1_397' title='bbox 1246 2082 1348 2118; x_wconf 84' lang='lat' dir='ltr'>sonst,</span> <span class='ocrx_word' id='word_1_398' title='bbox 1375 2088 1402 2112; x_wconf 80' lang='lat' dir='ltr'>s,</span> <span class='ocrx_word' id='word_1_399' title='bbox 1421 2080 1475 2114; x_wconf 80' lang='lat'>24.</span> 
     </span>
     <span class='ocr_line' id='line_1_54' title="bbox 801 2122 1476 2166; baseline -0.004 -9"><span class='ocrx_word' id='word_1_400' title='bbox 801 2125 863 2164; x_wconf 87' lang='grc'><strong>41,</strong></span> <span class='ocrx_word' id='word_1_401' title='bbox 894 2126 932 2165; x_wconf 74' lang='lat'>53</span> <span class='ocrx_word' id='word_1_402' title='bbox 958 2125 1020 2166; x_wconf 86' lang='lat'>25,</span> <span class='ocrx_word' id='word_1_403' title='bbox 1047 2125 1108 2161; x_wconf 86' lang='lat'>32,</span> <span class='ocrx_word' id='word_1_404' title='bbox 1129 2125 1167 2163; x_wconf 83' lang='lat'>93</span> <span class='ocrx_word' id='word_1_405' title='bbox 1193 2122 1236 2155; x_wconf 89' lang='lat' dir='ltr'>ib.</span> <span class='ocrx_word' id='word_1_406' title='bbox 1262 2124 1323 2164; x_wconf 76' lang='lat'>33,</span> <span class='ocrx_word' id='word_1_407' title='bbox 1351 2125 1381 2162; x_wconf 88' lang='grc'>9,</span> <span class='ocrx_word' id='word_1_408' title='bbox 1408 2124 1476 2165; x_wconf 84' lang='lat' dir='ltr'><strong>vgl.</strong></span> 
     </span>
     <span class='ocr_line' id='line_1_55' title="bbox 801 2168 1477 2210; baseline 0 -10"><span class='ocrx_word' id='word_1_409' title='bbox 801 2179 828 2201; x_wconf 86' lang='lat' dir='ltr'>c.</span> <span class='ocrx_word' id='word_1_410' title='bbox 859 2171 890 2209; x_wconf 88' lang='lat'>7,</span> <span class='ocrx_word' id='word_1_411' title='bbox 920 2171 1004 2202; x_wconf 89' lang='lat'>1.—</span> <span class='ocrx_word' id='word_1_412' title='bbox 1023 2171 1147 2210; x_wconf 76' lang='lat' dir='ltr'>undiq.,</span> <span class='ocrx_word' id='word_1_413' title='bbox 1173 2169 1212 2200; x_wconf 86' lang='lat' dir='ltr'>da</span> <span class='ocrx_word' id='word_1_414' title='bbox 1242 2168 1290 2200; x_wconf 82' lang='lat' dir='ltr'>sie</span> <span class='ocrx_word' id='word_1_415' title='bbox 1314 2168 1385 2200; x_wconf 87' lang='lat' dir='ltr'>sich</span> <span class='ocrx_word' id='word_1_416' title='bbox 1402 2179 1477 2201; x_wconf 87' lang='lat' dir='ltr'>zer-</span> 
     </span>
     <span class='ocr_line' id='line_1_56' title="bbox 801 2214 1475 2256; baseline 0 -10"><span class='ocrx_word' id='word_1_417' title='bbox 801 2219 910 2246; x_wconf 83' lang='lat' dir='ltr'>streut</span> <span class='ocrx_word' id='word_1_418' title='bbox 927 2215 1054 2256; x_wconf 81' lang='lat' dir='ltr'>hatten,</span> <span class='ocrx_word' id='word_1_419' title='bbox 1074 2214 1094 2256; x_wconf 75' lang='lat'>§</span> <span class='ocrx_word' id='word_1_420' title='bbox 1116 2218 1270 2256; x_wconf 77' lang='lat' dir='ltr'>9.—quo</span> <span class='ocrx_word' id='word_1_421' title='bbox 1292 2215 1398 2255; x_wconf 68' lang='lat' dir='ltr'>hiingt</span> <span class='ocrx_word' id='word_1_422' title='bbox 1411 2225 1475 2246; x_wconf 91' lang='lat' dir='ltr'>von</span> 
     </span>
     <span class='ocr_line' id='line_1_57' title="bbox 801 2260 1474 2301; baseline 0.003 -10"><span class='ocrx_word' id='word_1_423' title='bbox 801 2263 891 2293; x_wconf 73' lang='lat' dir='ltr'>aditu</span> <span class='ocrx_word' id='word_1_424' title='bbox 916 2260 967 2297; x_wconf 85' lang='lat' dir='ltr'>ab,</span> <span class='ocrx_word' id='word_1_425' title='bbox 985 2274 1031 2285; x_wconf 90' lang='lat'><strong><em>=</em></strong></span> <span class='ocrx_word' id='word_1_426' title='bbox 1048 2263 1082 2297; x_wconf 70' lang='lat' dir='ltr'>in</span> <span class='ocrx_word' id='word_1_427' title='bbox 1101 2271 1202 2300; x_wconf 76' lang='lat' dir='ltr'>quem,</span> <span class='ocrx_word' id='word_1_428' title='bbox 1229 2260 1296 2301; x_wconf 86' lang='lat' dir='ltr'>vgl.</span> <span class='ocrx_word' id='word_1_429' title='bbox 1316 2271 1342 2292; x_wconf 77' lang='lat' dir='ltr'>r.</span> <span class='ocrx_word' id='word_1_430' title='bbox 1362 2262 1415 2300; x_wconf 86' lang='lat'>56,</span> <span class='ocrx_word' id='word_1_431' title='bbox 1442 2262 1474 2293; x_wconf 88' lang='lat'>9.</span> 
     </span>
     <span class='ocr_line' id='line_1_58' title="bbox 801 2306 1475 2346; baseline 0.003 -9"><span class='ocrx_word' id='word_1_432' title='bbox 801 2324 845 2328; x_wconf 88' lang='lat'>-—</span> <span class='ocrx_word' id='word_1_433' title='bbox 859 2308 956 2339; x_wconf 69' lang='lat' dir='ltr'>invia.</span> <span class='ocrx_word' id='word_1_434' title='bbox 984 2315 1010 2337; x_wconf 86' lang='lat' dir='ltr'>e.</span> <span class='ocrx_word' id='word_1_435' title='bbox 1030 2306 1083 2345; x_wconf 86' lang='lat'>20,</span> <span class='ocrx_word' id='word_1_436' title='bbox 1111 2308 1148 2339; x_wconf 88' lang='lat'>4:</span> <span class='ocrx_word' id='word_1_437' title='bbox 1175 2308 1300 2344; x_wconf 56' lang='lat' dir='ltr'>arcican</span> <span class='ocrx_word' id='word_1_438' title='bbox 1325 2316 1351 2337; x_wconf 91' lang='lat' dir='ltr'>c.</span> <span class='ocrx_word' id='word_1_439' title='bbox 1367 2307 1421 2345; x_wconf 84' lang='lat'>23,</span> <span class='ocrx_word' id='word_1_440' title='bbox 1440 2307 1475 2346; x_wconf 73' lang='lat'>13</span> 
     </span>
     <span class='ocr_line' id='line_1_59' title="bbox 803 2353 1475 2393; baseline 0 -11"><span class='ocrx_word' id='word_1_441' title='bbox 803 2353 855 2391; x_wconf 83' lang='lat'>31,</span> <span class='ocrx_word' id='word_1_442' title='bbox 883 2354 936 2391; x_wconf 78' lang='lat'>37,</span> <span class='ocrx_word' id='word_1_443' title='bbox 967 2353 1016 2384; x_wconf 91' lang='lat'>11.</span> <span class='ocrx_word' id='word_1_444' title='bbox 1032 2354 1234 2393; x_wconf 74' lang='lat' dir='ltr'>—p7·aecz&#39;p.,</span> <span class='ocrx_word' id='word_1_445' title='bbox 1252 2362 1276 2383; x_wconf 88' lang='lat' dir='ltr'>s.</span> <span class='ocrx_word' id='word_1_446' title='bbox 1297 2353 1350 2389; x_wconf 78' lang='lat'>36,</span> <span class='ocrx_word' id='word_1_447' title='bbox 1374 2353 1426 2391; x_wconf 88' lang='grc'>30,</span> <span class='ocrx_word' id='word_1_448' title='bbox 1445 2354 1475 2385; x_wconf 89' lang='grc'>4.</span> 
     </span>
    </p>
   </div>
   <div class='ocr_carea' id='block_1_5' title="bbox 796 2439 1477 2625">
    <p class='ocr_par' dir='ltr' id='par_1_6' title="bbox 796 2439 1477 2625">
     <span class='ocr_line' id='line_1_60' title="bbox 848 2439 1477 2482; baseline 0.002 -8"><span class='ocrx_word' id='word_1_449' title='bbox 848 2439 887 2478; x_wconf 81' lang='lat'>3.</span> <span class='ocrx_word' id='word_1_450' title='bbox 916 2443 1014 2474; x_wconf 80' lang='lat'>1—2.</span> <span class='ocrx_word' id='word_1_451' title='bbox 1039 2443 1169 2482; x_wconf 77' lang='lat' dir='ltr'>Ephesi,</span> <span class='ocrx_word' id='word_1_452' title='bbox 1198 2442 1251 2481; x_wconf 79' lang='lat'>37,</span> <span class='ocrx_word' id='word_1_453' title='bbox 1273 2444 1328 2475; x_wconf 88' lang='lat'>45.</span> <span class='ocrx_word' id='word_1_454' title='bbox 1347 2453 1477 2482; x_wconf 79' lang='lat' dir='ltr'>—pac.</span> 
     </span>
     <span class='ocr_line' id='line_1_61' title="bbox 796 2486 1474 2534; baseline 0.001 -15"><span class='ocrx_word' id='word_1_455' title='bbox 796 2489 904 2527; x_wconf 50' lang='grc' dir='ltr'><strong>μκή,</strong></span> <span class='ocrx_word' id='word_1_456' title='bbox 942 2486 1010 2518; x_wconf 86' lang='lat' dir='ltr'>Pol.</span> <span class='ocrx_word' id='word_1_457' title='bbox 1035 2497 1061 2518; x_wconf 86' lang='lat' dir='ltr'>c.</span> <span class='ocrx_word' id='word_1_458' title='bbox 1093 2489 1147 2527; x_wconf 85' lang='lat'>25,</span> <span class='ocrx_word' id='word_1_459' title='bbox 1175 2489 1208 2520; x_wconf 87' lang='lat'>1:</span> <span class='ocrx_word' id='word_1_460' title='bbox 1247 2488 1474 2534; x_wconf 75' lang='grc' dir='ltr'><em>παρακαλῶν</em></span> 
     </span>
     <span class='ocr_line' id='line_1_62' title="bbox 798 2529 1476 2579; baseline 0 -13"><span class='ocrx_word' id='word_1_461' title='bbox 798 2532 1071 2579; x_wconf 62' lang='grc' dir='ltr'>π’ροςὸἔξασθαι</span> <span class='ocrx_word' id='word_1_462' title='bbox 1084 2529 1200 2566; x_wconf 77' lang='grc' dir='ltr'><em>πάλιν</em></span> <span class='ocrx_word' id='word_1_463' title='bbox 1215 2530 1328 2566; x_wconf 80' lang='grc' dir='ltr'><em>αὐτὸν</em></span> <span class='ocrx_word' id='word_1_464' title='bbox 1342 2535 1394 2571; x_wconf 78' lang='grc' dir='ltr'>εἰς</span> <span class='ocrx_word' id='word_1_465' title='bbox 1410 2530 1476 2576; x_wconf 78' lang='grc' dir='ltr'>τὴν</span> 
     </span>
     <span class='ocr_line' id='line_1_63' title="bbox 799 2578 1477 2625; baseline -0.003 -13"><span class='ocrx_word' id='word_1_466' title='bbox 799 2581 1029 2625; x_wconf 68' lang='grc' dir='ltr'><strong>συμμαχίαν,</strong></span> <span class='ocrx_word' id='word_1_467' title='bbox 1058 2578 1111 2610; x_wconf 82' lang='lat' dir='ltr'>bei</span> <span class='ocrx_word' id='word_1_468' title='bbox 1137 2578 1172 2610; x_wconf 92' lang='lat' dir='ltr'>L.</span> <span class='ocrx_word' id='word_1_469' title='bbox 1198 2579 1231 2610; x_wconf 86' lang='lat' dir='ltr'>in</span> <span class='ocrx_word' id='word_1_470' title='bbox 1257 2579 1477 2611; x_wconf 78' lang='lat' dir='ltr'>veriindetter</span> 
     </span>
    </p>
   </div>
  </div>
 </body>
</html>
