1747 2841
207 130 290 173 352
630 129 756 163 LIBER
771 129 966 164 xxxvm.
984 129 1078 164 CAP.
1095 133 1149 166 44.
1164 133 1219 166 45.
1485 138 1510 157 a·
1527 137 1556 158 u.
1572 129 1636 158 5⁶⁷-

204 235 370 274 Romam
399 233 632 281 revertisset,
659 234 811 285 placere
835 234 883 272 ad
913 234 1120 286 collegium
1149 234 1379 286 pontificum
1408 234 1559 282 referri,
1588 239 1628 274 et

162 298 183 330 6
205 290 309 342 quod
336 290 361 330 ii
381 290 635 337 censuissent,
666 290 761 329 fieri.
794 302 922 340 neque
951 291 1010 330 his
1041 297 1246 330 contentus
1277 291 1416 331 consul
1441 291 1525 339 fuit,
1554 290 1624 330 sed

202 352 335 399 postea
355 360 424 398 per
444 347 742 398 infrequentiam
770 347 907 386 adiecit
934 353 1091 387 senatus
1122 348 1358 395 consultum,
1382 347 1628 387 Ambraciam
1656 369 1660 373 ·
1722 354 1725 358 '

205 416 286 443 non
318 403 438 442 videri
468 403 503 441 vi
530 410 679 454 captam
706 416 801 443 esse.

163 472 183 504 7
318 460 553 511 Supplicatio
584 460 675 499 inde
702 473 748 499 ex
780 460 1092 500 decemvirorum
1123 460 1277 500 decreto
1309 473 1381 512 pro
1414 461 1632 500 valetudine

203 517 337 568 populi
358 529 427 567 per
451 516 623 555 triduum
647 517 729 564 fuit,
751 516 841 567 quia
863 517 988 568 gravis
1004 517 1217 568 pestilentia
1234 518 1373 556 urbem
1388 525 1502 569 atque
1516 530 1631 569 agros

164 577 184 609 8
204 573 383 612 vastabat.
427 573 583 612 Latinae
602 573 693 612 inde
715 575 887 612 fuerunt.
929 573 1070 623 quibus
1092 574 1344 625 religionibus
1363 574 1511 613 liberati
1532 574 1631 613 000-

203 630 305 669 50105
337 635 373 668 et
399 629 538 668 dilectu
569 632 740 680 perfecto
763 653 817 657 -—
840 630 952 669 novis
975 631 1079 669 enim
1102 636 1266 681 uterque
1298 631 1431 670 maluit
1451 631 1505 670 uti
1528 631 1631 669 mili-

201 687 303 726 tibus
323 687 439 725 —in
470 687 710 738 provinciam
740 687 904 738 profecti
935 693 1038 734 sunt,
1079 693 1308 738 veteresque
1347 700 1483 727 omnes
1515 687 1631 727 dimi-

202 749 348 783 serunt.

162 801 182 833 9
314 800 407 838 Post
426 800 632 839 consulum
653 800 938 851 profectionem
959 800 1027 839 Cn.
1043 800 1206 840 Manlius
1227 801 1440 851 proconsul
1461 801 1628 841 Romam

201 857 326 903 venit3
349 857 411 895 cui
434 869 524 895 cum
544 856 590 895 ab
615 858 696 896 Ser.
720 857 890 907 Sulpicio
912 863 1090 908 praetore
1105 863 1262 896 senatus
1285 857 1331 896 ad
1348 857 1624 897 0011010Βο110-

143 920 183 952 10
202 925 274 952 nae
295 913 405 952 datus
427 918 538 959 esset,
562 918 599 952 et
623 914 706 964 ipse
731 914 1044 952 commemoratis
1065 913 1182 952 rebus
1210 913 1256 952 ab
1288 926 1328 952 se
1350 915 1464 965 gestis
1486 921 1624 965 postu-

200 971 324 1017 lasset,
341 970 447 1008 0101)
464 982 526 1008 eas
543 970 613 1008 diis
627 970 910 1009 immortalibus
927 971 1053 1009 1101105
1085 970 1293 1009 haberetur
1315 971 1465 1022 sibique
1486 972 1626 1010 trium-

142 1034 181 1067 11
201 1027 336 1078 phanti
358 1026 497 1065 urbem
520 1026 649 1065 invehi
671 1027 812 1073 liceret,
833 1027 1153 1066 contradixerunt
1169 1040 1259 1078 pars
1282 1028 1405 1066 maior
1421 1028 1556 1067 decem
1570 1028 1628 1067 le-

203 1090 392 1135 gatorum,
415 1083 480 1133 qui
501 1095 591 1121 011111
612 1095 657 1121 eo
681 1085 892 1135 fuerantet
910 1090 997 1123 ante
1020 1084 1113 1123 alios
1134 1084 1176 1122 L.
1198 1084 1341 1123 Furius
1362 1084 1560 1136 Purpurio
1593 1090 1630 1124 et

123 1146 182 1186 45
202 1141 245 1179 L.
269 1140 454 1179 Aemilius
482 1139 636 1178 Paulus.
686 1140 848 1191 Legatos
875 1153 959 1179 sese
988 1141 1056 1180 Cn.
1088 1141 1228 1179 Manlio
1265 1141 1373 1180 datos
1405 1142 1509 1192 pacis
1540 1154 1631 1181 cum

204 1197 395 1236 Antiocho
415 1197 609 1235 faciendae
624 1209 737 1235 causa
753 1197 1001 1248 foederisque
1014 1198 1156 1248 legum,
1174 1202 1271 1248 quae
1286 1210 1376 1236 cum
1390 1198 1432 1237 L.
1449 1198 1631 1250 Scipione

204 1383 258 1409 est.
283 1394 327 1399 —
350 1379 394 1408 ad
421 1379 487 1409 coll.
507 1377 628 1416 pontif.
653 1376 718 1408 wie
743 1378 797 1415 29,
825 1378 879 1417 20,

209 1424 248 1456 10
273 1433 304 1454 0.
329 1426 433 1463 50051,
461 1421 563 1464 Marq.
604 1426 634 1462 4,
676 1426 743 1454 not.
780 1424 879 1455 2252.

950 1387 1023 1408 men
1061 1377 1095 1408 in
1132 1377 1190 1408 der
1228 1376 1432 1409 Parenthese
1469 1377 1627 1419 bezngen,

950 1423 1019 1464 vgl.
1046 1424 1102 1464 31,
1126 1424 1182 1461 46,
1201 1425 1230 1456 7.

205 1486 245 1490 —
272 1479 380 1509 neque,
400 1479 426 1499 c.
456 1469 510 1508 23,
540 1470 569 1501 5.
598 1487 640 1490 -—
658 1480 720 1508 per
747 1469 879 1509 infreq„

205 1513 258 1546 bei
273 1512 500 1554 Gelegenheit,
520 1513 569 1545 als
590 1514 710 1555 gerade
729 1525 758 1545 u.
776 1524 801 1546 5.
825 1524 878 1555 w.‚

204 1560 269 1600 vgl.
298 1561 328 1599 2,
356 1560 410 1597 23,
437 1560 495 1599 123
523 1561 576 1597 39,
595 1562 626 1597 4,
646 1560 685 1595 82
704 1560 828 1591 Becker
847 1561 878 1599 2,

203 1607 234 1643 2,
262 1607 338 1638 441.
369 1624 409 1627 —
428 1607 540 1645 videri,
573 1616 648 1636 vom
674 1604 795 1637 Senate
825 1607 879 1645 30,

207 1653 258 1691 17,
289 1653 346 1691 123
373 1650 416 1683 ib.
441 1652 496 1690 42,
527 1653 566 1691 93
593 1651 665 1683 dem
690 1651 797 1683 Volke
824 1653 878 1691 25,

205 1699 237 1735 4,
275 1698 313 1737 93
350 1707 413 1728 von
446 1697 518 1728 dem
555 1695 879 1738 Priestercollegium

204 1744 257 1782 34,
293 1744 347 1782 44,
383 1744 421 1779 3:
454 1743 515 1774 den
548 1742 686 1783 Augurn
728 1744 780 1783 23,
822 1744 877 1782 31,

206 1790 257 1828 13,
297 1787 345 1819 ost
386 1798 451 1819 von
495 1788 557 1819 den
598 1788 764 1824 Richtern,
811 1787 878 1820 Cic,

202 1833 283 1865 Acd.
318 1835 349 1874 2,
383 1836 438 1872 47,
476 1835 557 1867 146:
594 1845 653 1865 zur
679 1834 784 1866 Sache
811 1834 877 1875 vgl.

203 1878 288 1911 Gell.
323 1882 353 1919 5,
389 1881 420 1919 6,
458 1881 518 1912 24:
555 1881 602 1911 M.
630 1883 712 1921 Cato,
740 1890 766 1911 5.
792 1890 819 1911 0.
846 1882 877 1921 3,

205 1928 242 1967 93
267 1924 359 1958 Fest.
384 1936 413 1967 p.
447 1927 509 1958 182
545 1933 704 1965 oratores,
741 1924 826 1959 Gcll.
856 1925 876 1958 l.

202 1971 241 2002 l.:
267 1972 370 2003 obiicit
392 1972 440 2003 M.
469 1973 582 2002 Fulvio
607 1973 778 2009 Nobiliori,
796 1973 881 2012 quod

201 2019 314 2048 milites
337 2035 381 2038 —
405 2019 529 2048 coronis
558 2019 709 2049 donasset.
748 2019 785 2048 de
810 2028 873 2057 qua

201 2074 236 2094 re
266 2064 359 2094 verba
391 2064 461 2102 ipsa
484 2065 621 2102 apposui
644 2065 791 2094 Catonis:
814 2066 877 2094 iam

196 2110 360 2148 principio
401 2111 472 2149 quis
506 2111 585 2141 vidit
615 2120 731 2141 corona
764 2110 881 2140 donari

201 2165 400 2195 quemquam,
446 2166 515 2185 eum
561 2157 711 2194 oppidum
751 2160 877 2193 captum

201 2211 266 2232 non
285 2206 377 2238 esset,
398 2210 549 2241 ungenau
567 2200 633 2231 Cic.
652 2200 733 2232 Mur.
759 2202 809 2239 14,
825 2201 877 2232 32.

249 2246 349 2279 7—8.
373 2249 518 2285 supplic„
543 2245 614 2278 eine
632 2248 808 2286 obsecratio,
826 2245 877 2276 die

204 2290 262 2322 der
291 2290 394 2323 Senat
418 2292 502 2323 nach
524 2291 595 2323 dem
619 2292 794 2324 Beschluss
822 2291 880 2323 der

202 2335 398 2368 Decemvirn
432 2337 603 2368 anordnet.
637 2356 680 2360 —
711 2349 748 2369 ex
783 2339 877 2377 deor„

202 2392 228 2413 c.
257 2383 317 2422 36,
346 2385 375 2415 4.
424 2385 554 2423 Latin„
583 2384 644 2423 25,
676 2384 736 2423 12,
775 2384 801 2416 1.
835 2401 880 2405 —

203 2429 330 2460 liberati
373 2438 438 2460 von
487 2429 545 2460 der
582 2429 772 2470 Besorgung
821 2428 879 2460 der

203 2472 370 2514 Siihnung,
395 2474 512 2506 anders
539 2476 593 2514 27,
621 2476 674 2514 37,
701 2477 739 2517 53
766 2475 818 2514 36,
850 2476 877 2514 1,

203 2520 233 2551 4.
250 2536 295 2541 —
313 2522 436 2559 maluit,
461 2524 554 2551 sonst
579 2520 746 2552 bestimmt
771 2519 877 2551 dieses

204 2564 262 2596 der
288 2564 399 2597 Senat.
425 2583 468 2588 —
494 2577 608 2606 omnes,
641 2564 701 2597 auf
732 2565 789 2597 das
807 2564 877 2597 No-

995 1465 1065 1508 44,
1087 1466 1225 1507 9—50‚
1246 1470 1275 1500 3.
1308 1468 1375 1500 Der
1398 1467 1556 1511 Triumph
1573 1469 1629 1501 des

949 1513 1102 1546 Manlius.
1137 1513 1276 1556 Appian.
1303 1514 1377 1557 Syr.
1406 1515 1460 1547 43.

996 1562 1215 1599 9—11.post
1243 1561 1347 1600 prof,
1382 1559 1427 1590 im
1459 1559 1630 1600 Friihjahr

950 1607 1027 1645 567,
1071 1617 1097 1638 s.
1139 1616 1164 1637 c.
1206 1608 1260 1645 41,
1308 1607 1358 1639 15.
1392 1623 1436 1628 —
1467 1608 1505 1638 ab
1538 1607 1626 1644 Sulp.

946 1658 1057 1691 praet„
1096 1652 1137 1683 da
1176 1651 1234 1683 der
1269 1650 1390 1682 Priitor
1426 1651 1488 1683 den
1522 1650 1625 1683 Senat

949 1708 989 1728 zu
1013 1696 1151 1729 berufen
1178 1698 1236 1729 das
1262 1697 1368 1729 Recht
1392 1698 1461 1735 hat,
1487 1707 1523 1728 so
1540 1697 1626 1729 kann

948 1753 985 1774 er
1020 1743 1135 1784 einem,
1174 1744 1233 1775 der
1275 1742 1381 1774 dieses
1422 1742 1514 1774 nieht
1557 1743 1626 1782 hat,

949 1787 1009 1820 auf
1040 1789 1153 1821 dessen
1186 1788 1386 1829 Verlangeu,
1421 1789 1483 1820 den
1525 1788 1630 1820 Senat

948 1834 1062 1875 geben,
1093 1846 1117 1866 S.
1156 1836 1209 1873 26,
1242 1836 1296 1875 21,
1334 1837 1369 1876 13
1405 1836 1459 1870 41,
1493 1835 1524 1874 6,
1550 1836 1572 1867 4
1595 1845 1629 1866 11.

948 1890 985 1923 «⁰¹3
1006 1880 1184 1912 Mommsen
1221 1890 1251 1914 a.
1283 1890 1311 1911 a.
1347 1879 1384 1911 O.
1427 1881 1501 1919 155,
1528 1882 1559 1913 2.
1584 1898 1629 1902 —-

946 1928 1021 1964 ipse,
1058 1925 1102 1956 im
1139 1924 1345 1967 Gegensatze
1385 1935 1457 1957 zum
1493 1925 1625 1967 Priitor,

947 1972 1105 2003 nachdem
1130 1971 1195 2002 ihm
1221 1971 1330 2003 dieser
1355 1971 1412 2003 das
1441 1970 1542 2003 VVort
1566 1981 1627 2013 ge-

947 2017 1052 2057 geben
1086 2018 1155 2048 hat.
1204 2019 1314 2056 Itonos,
1351 2019 1405 2057 37,
1443 2019 1496 2058 59,
1529 2019 1557 2050 1.
1582 2036 1627 2040 —

941 2074 1022 2102 pars
1053 2074 1104 2097 m..
1135 2063 1186 2094 die
1224 2062 1406 2103 Mehrzahl,
1440 2073 1463 2096 5.
1502 2064 1534 2104 9,
1572 2064 1628 2102 46,

949 2111 985 2148 73
1015 2108 1066 2140 die
1093 2108 1237 2149 Legaten
1263 2108 1336 2140 sind
1372 2107 1541 2140 natiirlich
1573 2108 1625 2141 die

947 2153 1131 2186 Comissare
1157 2155 1214 2186 der
1237 2153 1434 2195 Regierung,
1462 2154 1554 2186 010111
1573 2153 1626 2186 die

947 2199 1187 2232 militiirischeu
1238 2199 1302 2231 wie
1349 2201 1402 2241 31,
1454 2202 1508 2241 49,
1564 2202 1624 2240 1ος

947 2245 1102 2286 iibrigeus
1136 2255 1249 2277 waren
1283 2256 1344 2277 001
1383 2246 1466 2277 00011
1507 2247 1527 2279 9
1561 2245 1627 2278 Le-

949 2295 1045 2332 30100
1072 2291 1178 2332 iibrig,
1204 2302 1230 2323 s.
1256 2301 1283 2323 0.
1304 2293 1359 2333 41,
1380 2292 1410 2324 3.
1429 2310 1472 2314 —
1492 2293 1624 2332 Furius,

947 2347 975 2368 0.
1003 2339 1056 2375 54,
1083 2338 1113 2370 6.

993 2379 1063 2418 45.
1112 2384 1206 2416 1-4.
1239 2384 1367 2424 foeder.
1412 2386 1523 2424 leynm,
1572 2382 1625 2414 dic

946 2428 1179 2469 Bedingungen
1206 2427 1260 2460 fiir
1284 2429 1342 2460 das
1376 2427 1426 2460 als
1450 2427 1543 2460 Basis
1568 2428 1624 2460 des

946 2473 1104 2506 Friedens
1138 2474 1297 2506 dienende
1339 2473 1511 2515 Biinduiss‚
1557 2473 1625 2515 vgl.

947 2520 1000 2559 31,
1028 2522 1078 2561 11,
1108 2522 1167 2553 17:
1187 2523 1278 2560 pacis
1303 2522 1398 2562 leyen
1428 2521 1481 2559 24,
1507 2521 1562 2560 29,
1584 2520 1624 2552 9:

945 2567 1039 2607 Zeqem
1070 2577 1138 2598 eam
1164 2567 1319 2607 foederis,
1356 2565 1422 2607 vgl.
1459 2565 1502 2597 ib.
1534 2566 1565 2605 6,
1593 2567 1625 2598 ’7.
