1747 2841
97 152 124 172 a.
146 144 196 172 Ch.
217 146 276 172 188.
535 143 659 178 LIBER
686 144 880 179 xxxvm.
914 144 1006 178 CAP.
1032 147 1083 180 37.

100 250 225 289 fuerat
254 261 370 301 quam
401 249 531 288 feritas
561 249 791 288 immanium
819 247 1073 288 barbarorum
1101 248 1350 298 incertusque
1378 249 1520 288 indies

101 314 238 353 terror,
274 318 352 356 quo
384 305 488 344 velut
517 312 723 356 tempestas
755 318 822 344 eos
854 305 1074 356 populantis
1104 305 1276 343 inferret.
1308 305 1447 355 itaque,
1480 312 1520 345 ut
1539 309 1558 341 4

100 362 242 413 quibus
261 362 415 401 libertas
431 362 624 400 Antiocho
645 363 769 413 pulso,
790 374 863 413 pax
887 361 1000 401 Gallis
1021 361 1177 399 domitis
1197 361 1280 400 data
1303 368 1414 407 esset,
1439 374 1518 401 non

99 419 329 470 gratulatum
360 418 478 457 modo
508 425 712 465 venerant,
743 419 808 457 sed
841 430 1004 456 coronas
1035 417 1145 456 etiam
1170 430 1304 456 aureas
1335 430 1405 468 pro
1439 419 1519 458 suis

98 486 275 526 quaeque
299 474 541 513 facultatibus
560 476 696 514 attuler
698 481 774 514 ant.
805 481 842 514 et
862 474 908 513 ab
931 474 1121 512 Antiocho
1152 474 1259 524 legati
1284 480 1320 514 et
1350 473 1396 512 ab
1426 475 1518 526 ipsis
1538 484 1556 515 5

98 531 225 578 Gallis,
247 538 290 569 ut
311 531 415 582 pacis
435 532 537 582 leges
559 532 795 578 dicerentur,
817 538 854 570 et
875 530 921 569 ab
935 530 1044 570 Aiiai
1046 531 1131 569 athe
1147 531 1516 582 iegeCappadocum

98 593 290 627 venerunt
324 588 368 626 ad
412 588 563 626 veniam
604 588 808 638 petendam
848 587 1108 637 luendamque
1161 588 1321 637 pecunia
1363 600 1517 634 noxam,

99 644 204 695 quod
235 644 384 682 auxiliis
413 645 648 683 Antiochum
681 645 851 683 iuvisset.
891 644 980 682 huie
1009 649 1180 682 sescenta
1211 644 1347 682 talenta
1373 645 1518 695 algenti
1537 654 1557 686 6

98 706 190 739 sunt
211 701 418 751 imperata;
440 701 554 739 Gallis
575 713 822 751 responsum,
845 713 934 739 cuni
946 700 1142 739 Eumenes
1155 712 1221 738 rex
1237 675 1518 746 ve11isse1‚⁰tu111

97 757 278 796 daturum
303 757 347 795 iis
368 758 481 808 leges.
533 758 739 796 eivitatium
761 758 968 808 legationes
991 769 1079 795 eum
1102 756 1278 807 benignis
1309 758 1519 808 responsis,

96 813 272 853 laetiores
304 815 415 853 etiam
448 825 565 865 quam
595 820 791 860 venerant,
823 814 1014 853 dimissae.
1051 813 1230 852 Antiochi
1262 814 1370 864 legati
1397 826 1516 864 peeu-
1538 826 1556 856 τ

96 870 200 909 niam
231 871 271 909 in
302 870 568 921 Pamphyliam
598 872 917 920 frumentumque
946 883 991 909 ex
1024 876 1133 920 paeto
1161 882 1250 908 cum
1274 870 1315 908 L.
1339 870 1518 920 Scipione

97 927 255 966 foedere
275 927 369 966 iussi
391 927 602 973 advehere3
634 940 679 965 eo
702 940 742 965 se
766 939 855 965 cum
876 927 1044 965 exercitu
1067 933 1288 966 venturum.
1327 927 1516 977 principio
1538 932 1557 965 S

96 983 234 1023 deinde
267 984 366 1031 veris
396 984 554 1022 lustrato
596 984 764 1022 exercitu
803 986 1002 1034 profectus
1043 983 1102 1022 die
1144 990 1276 1022 octavo
1310 987 1518 1033 Apameam
1550 1004 1554 1008 ,

96 1040 212 1080 venit.
244 1040 296 1079 ibi
314 1040 487 1079 triduum
511 1040 654 1078 stativis
679 1040 828 1086 habitis,
851 1041 970 1079 tertiis
989 1052 1127 1079 rursus
1145 1040 1191 1078 ah
1204 1041 1372 1091 Apamea
1385 1040 1518 1079 eastris

95 1097 134 1135 in
156 1097 436 1148 Pamphyliam,
467 1108 544 1146 quo
576 1097 780 1146 pec-uniam
814 1099 1135 1147 frumentumque
1156 1097 1281 1147 regios
1300 1097 1517 1135 convehere

96 1153 269 1199 iusserat,
294 1153 480 1204 pervenit.
511 1153 612 1191 mille
636 1161 673 1192 et
687 1154 896 1205 quingenta
912 1154 1051 1193 talenta
1069 1154 1216 1204 argenti
1237 1160 1390 1204 accepta
1413 1158 1515 1205 Apa—
1536 1161 1555 1192 9

96 1222 222 1248 meam
261 1209 534 1260 deportantur3
577 1211 818 1248 frumentum
865 1211 1049 1249 exercitui
1090 1210 1283 1249 dividitur.
1342 1210 1432 1248 inde
1470 1210 1514 1248 ad

93 1265 254 1317 Pergam
288 1266 404 1311 ducit,
437 1278 534 1316 quae
563 1278 638 1304 una
673 1268 712 1306 in
741 1267 786 1305 iis
816 1268 910 1306 loeis
941 1267 1045 1318 regio
1077 1266 1281 1305 tenebatur
1312 1266 1515 1317 praesidio.

94 1323 423 1374 appropinquanti
453 1324 668 1373 praefectus
690 1324 870 1374 praesidii
903 1324 1039 1362 obvius
1070 1323 1153 1369 fuit,
1181 1323 1333 1374 triginta
1365 1323 1516 1362 dierum
1539 1333 1578 1364 10

94 1474 224 1524 (μόρων
265 1496 305 1501 —
345 1476 513 1513 καθόλοι
554 1479 593 1513 δὲ
636 1475 773 1517 πάντες
842 1481 902 1514 39;
966 1479 1104 1522 Appian
1154 1490 1179 1511 c.
1228 1482 1289 1513 42:
1345 1476 1517 1513 διακόσια

92 1524 304 1567 βασιλικῶν
311 1537 481 1570 προστα)
485 1523 621 1559 μάτωι.
648 1543 692 1548 —
718 1537 770 1556 m-
841 1521 1002 1558 abiatra
1041 1528 1272 1570 πεμιυαιτος.
1303 1544 1344 1549 -
1370 1528 1517 1565 Ειιηιεη.,

92 1577 164 1602 cert
199 1572 234 1601 in
265 1572 295 1602 d.
321 1577 396 1604 terr.
410 1596 418 1611 ‚
457 1571 510 1603 die
545 1582 607 1603 von
633 1570 703 1611 Tag
731 1581 770 1603 zu

91 1615 164 1656 Tag
213 1615 283 1647 sich
331 1617 551 1656 erneuernde,
604 1617 769 1648 dauernde

91 1660 226 1700 Furcht,
246 1672 271 1692 s.
289 1662 343 1702 34,
366 1664 416 1701 11,
433 1667 448 1695 4
463 1674 470 1693 :
491 1665 524 1694 in
539 1665 604 1695 dies
619 1669 769 1701 expectet,

92 1706 160 1748 vgl.
187 1708 217 1748 2,
245 1708 295 1747 12,
318 1709 375 1748 10,
404 1710 434 1748 5,
450 1709 503 1749 39,
519 1710 557 1748 63
584 1719 646 1749 quo
665 1709 769 1749 hiingt

91 1753 253 1784 zuniichst
271 1763 334 1784 von
351 1756 488 1786 incertus
505 1754 557 1792 ab,
582 1753 633 1785 die
653 1753 766 1794 Angst,

92 1798 125 1829 in
150 1798 209 1830 der
232 1798 279 1830 sie
301 1799 468 1840 ungewiss
493 1809 625 1838 waren,
657 1799 767 1830 wohin

93 1843 156 1883 (die
197 1842 325 1876 Gallier
368 1844 421 1876 ihr
456 1844 652 1885 Ungestiim,
697 1845 767 1877 ihre

90 1889 275 1930 Beutelust)
308 1889 372 1922 wie
405 1890 458 1922 ein
490 1890 714 1932 Ungewitter,
741 1901 766 1922 s.

91 1936 146 1975 37,
196 1937 250 1975 41,
306 1938 363 1976 10,
412 1940 510 1968 unter
559 1936 767 1977 Pliinderung

90 1981 208 2012 siihren
234 1981 365 2021 werde3
391 1981 443 2013 ein
463 1986 567 2014 etwas
591 1983 768 2023 gcsuchter

89 2026 281 2065 Ausdruck,
320 2026 449 2058 einfaeh
471 2027 606 2069 Polv.:b
644 2024 767 2079 (Εόβοτ

91 2069 145 2116 ἀφ
152 2072 307 2118 ηιιῆσθαι
318 2074 379 2105 καὶ
390 2072 514 2107 δοκεῖν
524 2041 709 2117 ‹5471ande
703 2077 768 2106 ’aa

90 2120 152 2160 τῆς
178 2115 320 2151 meran
349 2117 482 2162 ἵβρεως
512 2121 573 2152 καὶ
600 2132 766 2165 παοιινο-

88 2167 188 2202 μιιις.
212 2181 258 2186 -
281 2165 428 2204 {Qu-semet
469 2165 522 2204 35,
551 2166 605 2204 28,
627 2167 666 2198 4:
704 2177 766 2206 quo

89 2227 135 2232 —
158 2211 307 2247 reicere&
336 2220 376 2241 zu
402 2210 433 2247 8,
462 2211 514 2249 34,
542 2212 572 2249 5,
602 2221 666 2242 von
695 2211 766 2242 dem

89 2254 255 2287 Zustande
283 2255 316 2286 in
341 2255 399 2287 der
421 2254 703 2297 Vei-gangenheit,
734 2256 766 2287 in

88 2300 197 2341 Bezug
221 2299 282 2331 auf
297 2301 421 2341 suerat.

137 2348 234 2380 5-8
254 2349 346 2386 pacis
373 2349 426 2388 leq
453 2344 609 2387 wie§63
636 2347 764 2387 31,11,

92 2393 142 2424 17.
183 2409 224 2413 -
267 2394 394 2430 Ariar„
436 2402 462 2423 c.
505 2393 565 2429 233
608 2393 661 2431 37,
705 2394 765 2432 4ος

88 2436 222 2469 Polvah
266 2437 400 2470 ἐδεδίει
448 2439 510 2470 καὶ
526 2438 764 2489 διηπορεῖτο

88 2485 175 2528 περὶ
209 2483 282 2516 τῶν
317 2479 408 2515 καθ’
446 2478 576 2522 (ιὺτόι,
615 2480 675 2516 διὸ
702 2486 763 2516 καὶ

88 2515 285 2566 πλεονάκις
329 2531 491 2573 πέμπω]
538 2526 764 2574 πρεσβευτὰς

87 2577 150 2606 etc.
177 2592 219 2596 —-
246 2585 335 2613 sesa,
364 2574 445 2605 nach
473 2573 609 2616 Polyb,
636 2574 702 2615 vgl.
734 2585 761 2606 e.

839 1581 876 1602 er
910 1571 956 1603 ist
991 1571 1061 1602 also
1096 1572 1179 1602 noch
1211 1571 1303 1602 nieht
1340 1582 1400 1602 ion
1436 1571 1516 1603 Rom

839 1616 1121 1658 zuriickgekehit,
1164 1628 1188 1648 s.
1225 1628 1251 1650 e.
1291 1618 1348 1657 13,
1382 1618 1419 1657 3,
1459 1618 1514 1657 37,

838 1664 892 1702 45,
920 1664 972 1695 21.
1001 1681 1043 1685 —
1070 1664 1194 1702 datter„
1220 1673 1246 1695 c.
1269 1665 1322 1700 40,
1350 1664 1388 1695 2:
1422 1665 1513 1701 dizit,

837 1718 862 1739 s.
892 1709 922 1747 3,
950 1709 1004 1748 31,
1033 1710 1062 1740 8.
1085 1719 1261 1748 —pecmzq
1288 1709 1346 1740 das
1372 1708 1454 1740 baar
1476 1719 1516 1740 zu

838 1754 1007 1793 zahlende,
1036 1764 1050 1785 s
1083 1755 1135 1794 37,
1158 1757 1212 1794 45,
1234 1756 1283 1788 14.
1297 1756 1516 1796 —srument,

839 1810 865 1831 c.
897 1801 947 1839 13,
976 1802 994 1833 ὃ
1033 1803 1202 1839 —pra'na
1230 1812 1314 1842 ver.,
1350 1799 1418 1832 Pol.
1455 1801 1516 1842 τῆς

837 1841 933 1889 ὧρας
981 1843 1273 1890 παραδιδούσης,
1318 1846 1401 1877 nach
1443 1846 1515 1878 dem

837 1891 1021 1931 damaligen
1056 1893 1133 1922 rom.
1161 1890 1328 1923 Halender
1359 1895 1446 1923 etwa
1472 1891 1516 1922 im

837 1936 913 1968 Juni
940 1937 1018 1968 oder
1041 1937 1119 1968 Juli.
1144 1955 1186 1959 —
1212 1940 1316 1976 lustr„
1344 1947 1369 1969 c.
1399 1938 1449 1973 12,
1483 1938 1514 1970 2.

839 2001 876 2005 -
900 1983 1055 2022 profem,
1084 1993 1147 2013 von
1173 1982 1331 2025 Ephesus,
1355 1993 1379 2014 s.
1405 1993 1432 2014 e.
1460 1984 1515 2023 27,

839 2029 868 2060 9.
895 2045 937 2050 —
965 2031 1077 2067 tertii-5,
1103 2028 1174 2060 also
1203 2028 1235 2059 in
1261 2038 1396 2069 grossen
1423 2027 1516 2060 Μᾶτ-

837 2074 946 2115 sehen,
971 2084 996 2105 s.
1024 2073 1091 2105 Pol.
1118 2091 1160 2097 -
1185 2076 1331 2113 Apamea
1344 2073 1515 2114 (emotus),

837 2129 864 2150 c.
895 2121 947 2159 13,
976 2122 1004 2152 5.
1030 2137 1072 2141 —
1099 2122 1132 2150 in
1158 2121 1302 2160 Pamph„
1328 2129 1354 2150 c,
1384 2121 1433 2158 15,
1462 2122 1492 2152 5.

883 2166 1006 2198 9—11.
1032 2167 1116 2196 mille
1142 2172 1169 2197 et
1193 2177 1223 2206 q.
1250 2165 1295 2196 ist
1323 2165 1375 2196 ein
1393 2164 1517 2196 Fehler

839 2208 891 2241 Ls'
922 2210 1000 2241 oder
1026 2211 1084 2242 der
1100 2210 1325 2242 Abschreiber
1349 2214 1434 2242 statt
1454 2213 1516 2243 duo

836 2258 924 2287 milia
948 2263 976 2287 et
1001 2267 1043 2297 q.
1069 2267 1094 2287 S.
1122 2258 1182 2296 37,
1210 2258 1273 2294 45,
1304 2258 1361 2296 143
1389 2254 1458 2287 Pol.
1488 2266 1514 2288 c.

836 2302 891 2341 43,
920 2304 1165 2343 8.-—Pe‹rqam,
1194 2302 1275 2333 noch
1297 2300 1385 2342 jetzt
1409 2301 1514 2333 finden

834 2346 905 2378 sich
931 2346 1058 2379 Ruinen
1087 2348 1145 2379 der
1169 2346 1266 2379 Stadt
1289 2357 1340 2378 am
1367 2347 1513 2387 Cestrus,

835 2396 924 2424 etwa
950 2393 968 2425 3
996 2393 1140 2424 Stunden
1165 2403 1229 2424 von
1267 2393 1325 2425 der
1349 2392 1516 2434 Miindung

834 2438 1014 2470 desselben.
1071 2438 1143 2470 Nur
1189 2438 1262 2470 hier
1309 2438 1393 2469 wird
1441 2438 1515 2470 eine

834 2483 1023 2524 konigliche
1050 2484 1235 2526 Besatzung
1270 2485 1444 2524 erwahnt,
1482 2483 1513 2515 in

833 2528 947 2561 keiner
998 2529 1056 2561 der
1104 2540 1129 2561 c.
1183 2532 1221 2564 14
1253 2529 1283 2561 ff.
1334 2530 1513 2562 beriihrteu

832 2574 983 2606 Stadten.
999 2593 1042 2598 —
1059 2578 1198 2616 tenebat„
1216 2576 1299 2606 nach
1320 2574 1436 2617 Polyb.
1457 2575 1516 2606 hat
