1747 2841
106 166 136 184 ¹¹·
156 157 206 184 Ch·
227 157 284 184 192·
536 157 659 190 LIBER
685 158 833 190 XXXV.
870 157 962 190 CAP.
985 158 1036 191 23.
1063 158 1115 191 24.
1481 158 1533 200 37

111 261 318 300 Servilium
340 266 377 299 et
398 260 440 298 P.
463 259 616 298 Villium
639 260 781 310 legatos
806 260 845 299 in
869 260 1066 299 Graeciam
1096 259 1195 298 misit
1215 265 1261 305 et,
1293 266 1334 298 ut
1353 261 1400 299 M.
1437 260 1533 299 Bae—

110 317 199 356 bius
219 329 265 355 ex
287 317 430 355 Bruttis
461 316 506 354 ad
526 317 738 355 Tarentum
763 323 797 355 et
814 316 1067 355 Brundisium
1084 322 1333 366 promoveret
1351 316 1533 366 legiones,

111 373 293 419 decrevit,
322 372 424 418 inde,
456 373 486 411 si
515 385 577 410 res
600 379 788 422 posceret,
813 373 851 410 in
874 372 1136 411 Macedoniam
1162 372 1346 418 traiceret,
1369 378 1405 410 et
1430 379 1468 411 ut
1484 373 1531 411 M.
1552 382 1570 412 (3

110 429 270 468 Fulvius
297 435 451 480 praetor
482 429 642 467 classem
665 429 820 467 navium
853 429 985 479 viginti
1010 429 1175 466 mitteret
1194 428 1239 466 ad
1265 428 1446 466 tuendam
1471 429 1530 467 Si-

110 485 215 523 ciliae
239 497 359 530 oram,
383 491 419 523 et
435 490 476 523 ut
498 497 585 522 cmn
610 485 772 535 imperio
795 491 905 530 esset,
927 485 993 535 qui
1018 485 1177 522 classem
1193 497 1276 522 eam
1298 485 1455 522 duceret
1476 507 1529 512 —

109 541 220 580 (luxit
242 541 283 579 L.
307 542 455 592 Oppius
471 541 670 585 Salinator,
692 541 757 591 qui
774 541 902 591 priore
917 554 1018 579 anuo
1041 541 1171 579 aedilis
1187 540 1310 590 plebei
1326 543 1531 587 1'11e1*at——,
1552 547 1570 577 7

110 604 148 636 et
171 603 213 636 ut
240 598 342 637 idem
370 604 523 648 praetor
552 598 593 635 L.
620 597 768 635 Yalerio
792 598 956 647 collegae
985 597 1170 635 scriberet
1196 597 1411 647 periculum
1436 609 1531 643 esse,
1552 602 1580 635 8-

112 666 161 692 ne
192 654 323 692 classis
354 654 454 703 regis
475 654 651 692 Antiochi
685 666 729 691 ex
752 654 895 691 Aetolia
926 654 963 691 in
989 654 1153 692 Siciliam
1187 653 1381 691 traiceret:
1404 653 1531 703 itaque

110 710 261 760 placere
282 711 430 749 senatui
454 710 498 748 ad
515 722 604 748 eum
621 710 845 748 exereitum.
868 722 986 759 quem
1001 709 1169 755 haberet,
1188 709 1531 748 tumultuariorum

110 766 274 804 militum
305 766 350 805 ad
379 766 584 804 duodecim
614 766 713 804 milia
745 772 779 803 et
811 766 1115 816 quadringentos
1152 766 1300 815 equites
1334 765 1531 811 scriberet,

109 822 252 873 quibus
285 834 393 861 oram
421 823 649 861 maritimam
679 822 912 872 provinciae,
940 835 1016 873 qua
1046 828 1221 873 vergeret
1251 822 1290 860 in
1324 822 1532 867 Graeciam,

110 879 210 917 tueri
235 885 377 929 posset.
405 891 494 917 emn
522 878 703 916 dilectum
733 884 888 928 praetor
919 891 1000 916 non
1028 890 1074 917 ex
1107 878 1231 917 Sicilia
1271 878 1355 928 ipsa
1380 884 1570 919 tant1nn9

108 935 175 973 sed
204 948 249 973 ex
271 934 633 973 circumizwentil)us
662 935 798 973 insulis
827 934 969 981 habuit,
1006 935 1225 985 oppidaque
1253 934 1383 973 omnia
1412 934 1531 972 mari-

108 991 213 1037 tima,
245 1004 342 1042 quae
370 992 408 1029 in
431 991 628 1029 Graeciam
659 1003 767 1029 versa
796 997 915 1036 erant,
948 991 1148 1041 praesidiis
1178 991 1354 1029 firmavit.
1387 990 1533 1029 addidit
1554 997 1593 1029 10

108 1048 288 1086 alimenta
307 1047 534 1086 rumoribus
555 1047 744 1085 adventus
766 1047 888 1092 Attali,
912 1047 1097 1085 Eumenis
1121 1047 1261 1093 fratris,
1286 1047 1352 1097 qui
1374 1047 1531 1085 nuntia-

109 1104 163 1142 vit
191 1104 427 1142 Antiochum
455 1116 586 1153 regem
615 1104 909 1153 Hellespontum
942 1115 1031 1142 cum
1064 1103 1233 1142 exercitu
1273 1103 1466 1150 transisse,
1496 1109 1533 1142 et

108 1160 266 1199 Aetolos
294 1161 343 1198 ita
372 1172 413 1198 se
436 1172 582 1210 parare,
608 1166 650 1198 ut
671 1159 743 1197 sub
765 1160 975 1198 adventum
1000 1160 1082 1198 eius
1103 1160 1142 1198 in
1174 1159 1292 1198 armis
1315 1165 1455 1198 essent.
1497 1165 1533 1198 et
1554 1170 1590 1201 11

109 1216 275 1255 Eumeni
296 1216 443 1254 absenti
458 1222 494 1254 et
517 1216 708 1266 praesenti
729 1216 852 1254 Attalo
880 1216 1020 1266 gratiae
1050 1222 1165 1262 actae,
1196 1222 1232 1254 et
1253 1215 1366 1254 aedes
1390 1216 1531 1254 liberae

107 1272 216 1311 loeus
245 1273 358 1311 lautia
389 1272 552 1317 decreta,
580 1278 617 1310 et
644 1285 807 1310 munera
838 1272 934 1319 data,
969 1272 1058 1323 equi
1091 1273 1181 1318 duo,
1218 1272 1307 1310 bina
1338 1272 1529 1322 equestria

102 1340 213 1368 >arma
241 1335 275 1368 et
305 1341 391 1367 vasa
419 1334 596 1379 argentea
627 1334 781 1366 centum
812 1328 944 1378 pondo
969 1334 1006 1367 et
1027 1341 1143 1366 aurea
1171 1328 1304 1378 viginti
1331 1326 1492 1378 pondos

222 1386 319 1423 Cum
343 1385 403 1423 alii
426 1392 539 1434 atque
566 1384 624 1422 alii
649 1385 772 1423 nuntii
804 1384 948 1423 bellum
977 1385 1118 1423 instare
1141 1385 1348 1430 adferrent,
1375 1384 1420 1422 ad
1448 1395 1530 1422 rem
1551 1386 1610 1427 24

108 1441 303 1492 pertinere
326 1441 452 1480 visum
475 1446 531 1479 est
553 1441 731 1478 consules
756 1441 882 1490 primo
913 1453 1070 1491 quoque
1094 1447 1270 1490 tempore
1302 1441 1433 1478 creari.
1459 1440 1530 1479 ita-
1552 1450 1571 1482 2

111 1509 187 1548 que
204 1503 359 1536 senatus
382 1497 603 1535 consultum
627 1498 770 1535 sactum
792 1503 859 1543 est,
892 1502 934 1535 ut
952 1497 1001 1536 M.
1022 1497 1183 1535 Fulvius
1209 1502 1364 1547 praetor
1389 1497 1532 1535 litteras

106 1665 191 1696 uach
211 1663 328 1707 Polyb.
354 1663 507 1696 erwiihut
531 1663 583 1695 ist.
610 1682 653 1686 —
677 1665 783 1704 Baeb,

106 1720 134 1742 c.
161 1711 214 1750 20,
244 1711 293 1743 lo.
335 1712 472 1749 Tarona,
500 1710 553 1748 36,
581 1711 611 1749 2,
643 1711 678 1749 73
703 1710 784 1751 App.

106 1755 131 1789 1.
156 1755 176 1787 l.
218 1773 262 1778 -—
297 1757 429 1797 leqion„
461 1756 479 1787 2
510 1754 674 1795 Legionen
701 1755 786 1786 nach

108 1811 135 1832 c.
162 1802 215 1837 20,
245 1802 299 1841 11,
323 1801 390 1841 vgl.
417 1801 470 1840 36,
502 1801 552 1840 14,
582 1801 609 1833 1.
637 1818 678 1822 —-
712 1811 784 1832 mlv.

107 1849 181 1888 viq„
216 1856 242 1876 c.
268 1847 323 1885 24,
348 1848 386 1885 63
425 1848 479 1885 36,
506 1847 536 1883 2,
569 1846 617 1878 11.
646 1863 691 1867 -
717 1857 786 1877 cum

107 1894 239 1931 imperio
281 1902 357 1931 ess„
406 1890 470 1922 wie
507 1892 567 1930 23,
615 1893 675 1924 34.
728 1893 786 1931 143

108 1936 176 1978 vgl.
203 1937 256 1976 28,
287 1937 342 1976 46,
375 1938 432 1976 13,
458 1935 634 1968 Mommsen
661 1937 785 1968 Staatr.

108 1984 197 2022 1763
222 1981 341 2013 anders
367 1982 411 2014 ist
434 1982 491 2013 das
506 1981 719 2013 Verhiiltniss
735 1983 788 2021 32,

114 2029 166 2067 16,
194 2028 232 2066 2,
261 2028 315 2067 36,
342 2028 372 2067 2,
402 2029 455 2060 11.
473 2045 517 2049 —
535 2029 623 2066 opp„
654 2029 706 2065 32,
735 2028 788 2065 28,

112 2074 151 2113 33
183 2071 361 2104 Mommsen
393 2082 422 2104 a.
455 2082 485 2103 a.
521 2071 559 2106 Ο.
585 2074 650 2106 452
677 2071 720 2113 fg.
746 2090 791 2094 -

118 2119 234 2158 Valer„
261 2128 287 2149 c.
313 2119 367 2157 20,
394 2119 423 2151 8.
448 2135 492 2140 —
509 2121 646 2158 tumult„
672 2118 736 2149 wie
763 2128 789 2149 c.

112 2165 143 2196 2.
174 2181 215 2186 —
241 2165 334 2203 milit.
354 2162 399 2194 im
417 2162 624 2204 Gegensatze
645 2173 686 2195 zu
703 2165 791 2204 equi—

110 2215 155 2241 tes
174 2207 423 2248 Fusssoldaten,
451 2209 504 2248 28,
533 2211 560 2248 1,
591 2211 628 2249 53
655 2210 708 2247 22,
735 2209 790 2248 37,

110 2257 130 2287 7
156 2264 186 2285 u.
212 2263 240 2285 a.
263 2272 304 2276 —-
323 2265 388 2295 qua
409 2265 504 2295 very„
532 2255 585 2294 38,
611 2256 642 2294 4,
669 2256 705 2287 2.

160 2300 302 2332 10-11.
328 2301 487 2339 alimenta,
503 2300 604 2332 sehon
618 2310 684 2331 von
695 2298 791 2331 Ovid.

110 2343 247 2376 bildlich
283 2344 475 2385 gebraucht.
523 2346 675 2377 rumorib.
710 2345 790 2386 geht

110 2388 171 2421 auf
194 2388 215 2431 ξ
244 2391 259 2423 1
286 2389 410 2421 zuriick
434 2400 487 2421 um
518 2390 576 2422 das
601 2389 696 2431 Folg.
728 2400 789 2421 an-

110 2433 306 2477 zukniipfen.
367 2437 491 2476 Attal„
529 2435 598 2466 wol
629 2446 695 2466 von
719 2434 789 2466 Eu·-

110 2489 232 2521 menes,
259 2480 318 2512 der
343 2491 369 2512 e.
392 2482 434 2514 39
458 2482 473 2514 1
497 2480 528 2512 in
547 2479 792 2512 Griechenland

109 2524 164 2566 ist,
191 2526 358 2567 gesendet.
385 2544 429 2549 —
455 2528 593 2566 Hellesp.
614 2543 658 2549 -—
677 2532 790 2565 trans„

109 2569 169 2602 der
192 2570 359 2613 Annalist‚
385 2572 458 2604 dem
483 2571 518 2604 L.
544 2569 638 2613 folgt,
664 2570 793 2603 scheint

854 1663 1012 1705 geglaubt
1036 1674 1076 1695 zu
1102 1663 1221 1702 haben,
1248 1663 1323 1694 dass
1348 1662 1532 1695 Antiochus

855 1720 895 1741 zu
920 1709 1032 1741 Laude
1059 1710 1143 1740 nach
1162 1707 1405 1740 Gricehenland
1429 1708 1533 1748 ziehe,

854 1755 921 1796 vgl.
961 1765 987 1786 e.
1021 1756 1082 1793 35,
1126 1757 1164 1796 ’ἴς
1198 1756 1258 1793 48,
1301 1755 1339 1792 3;
1378 1754 1441 1793 33,
1479 1756 1534 1793 44,

856 1802 893 1840 7,
929 1810 999 1831 was
1035 1799 1086 1831 bei
1120 1800 1178 1831 der
1202 1798 1536 1831 Unentschiedenheit

856 1845 1013 1888 Philipps,
1041 1855 1066 1876 s.
1085 1846 1138 1885 36,
1166 1847 1196 1882 S,
1225 1846 1255 1884 6,
1282 1844 1377 1875 nicht
1393 1844 1536 1885 mb'glieh

856 1901 937 1923 war.
963 1908 1008 1913 —
1033 1892 1078 1923 ita
1109 1902 1140 1922 se
1158 1901 1243 1930 par„
1275 1892 1305 1929 3,
1333 1891 1386 1929 40,
1415 1891 1465 1922 12.
1493 1907 1535 1912 -—

856 1939 986 1975 absenti,
1014 1936 1072 1968 der
1099 1935 1222 1976 Grund,
1252 1945 1378 1966 warum
1402 1934 1536 1967 Attalus

860 1981 1031 2023 gesehickt
1061 1991 1149 2021 war,
1176 1981 1221 2012 ist
1246 1991 1272 2012 e.
1307 1983 1357 2019 17,
1389 1982 1403 2014 1
1435 1990 1536 2022 ange-

859 2028 980 2059 deutet.
1007 2045 1049 2050 —
1075 2029 1141 2059 aed.
1164 2029 1226 2064 lib„
1253 2028 1306 2066 *23,
1333 2027 1387 2065 39,
1418 2027 1467 2059 19-
1494 2044 1537 2049 -

858 2084 1010 2112 munera,
1060 2071 1252 2104 Geschenke
1300 2081 1414 2103 ausser
1453 2070 1535 2111 dem,

860 2128 930 2150 was
974 2117 1190 2158 regelm'assig
1227 2117 1298 2148 dem
1335 2114 1537 2148 Gastfreund

860 2163 1015 2205 gewiihrt
1041 2163 1134 2194 wird.
1160 2181 1203 2185 —
1228 2168 1359 2203 equestr.
1386 2173 1486 2201 arma,
1511 2171 1536 2193 s.

860 2220 903 2241 zu
936 2210 997 2247 43,
1034 2210 1071 2247 5,
1111 2210 1149 2247 83
1187 2206 1346 2239 Priscian.
1379 2207 1418 2239 de
1444 2206 1537 2248 figur.

861 2264 946 2287 num.
977 2255 1010 2292 6,
1035 2252 1207 2291 24ss353)
1221 2252 1336 2284 Livius
1350 2252 1383 2284 in
1399 2251 1537 2284 XXXV

862 2306 889 2332 et
922 2301 998 2331 bina
1019 2301 1177 2340 equestria
1201 2309 1300 2331 arma.
1340 2316 1385 2320 —
1416 2299 1537 2338 pondo,

860 2346 913 2381 36,
942 2346 995 2384 35,
1029 2346 1078 2377 12.

906 2386 974 2425 24.
1022 2391 1118 2423 1-3.
1157 2391 1219 2421 alii
1253 2407 1287 2410 —
1320 2391 1453 2427 instare,
1485 2386 1538 2420 die

861 2434 1194 2476 Unzuverliissigkeit
1226 2433 1399 2466 derselben
1435 2433 1480 2465 ist
1511 2442 1538 2464 e.

861 2482 916 2520 23,
935 2482 954 2513 2
966 2479 1168 2520 bezeichnet,
1188 2480 1254 2512 und
1273 2478 1472 2511 schwerlich
1481 2478 1541 2510 hat

861 2526 933 2558 sich
958 2525 1016 2558 der
1034 2524 1137 2557 Seuat
1162 2525 1264 2557 durch
1287 2524 1456 2558 dieselben
1480 2524 1540 2556 be-

861 2571 1013 2604 stimmen
1052 2571 1171 2603 lassen.
1217 2588 1261 2594 —-
1297 2576 1448 2611 praetor,
1490 2568 1539 2601 als
