1747 2841
124 143 151 163 ι.
171 134 221 162 ch.
241 135 300 162 190.
548 134 673 168 LIBER
692 135 876 171 xxxvn.
901 135 992 169 cAP.
1012 137 1065 170 29.
1083 137 1135 169 30.
1464 136 1546 179 207

126 239 198 279 hae
227 239 516 290 obstreperent,
546 238 710 279 turbatis
735 239 908 291 imperiis
928 239 1082 278 tandem
1104 250 1341 277 concursum
1363 239 1409 277 ad
1431 251 1548 278 naves

127 303 195 336 est.
245 295 307 334 vix
338 307 429 334 suas
462 295 629 346 quisque
659 308 820 335 noscere
852 302 917 335 aut
937 295 1042 334 adire
1075 307 1165 346 prae
1189 295 1355 333 tumultu
1378 302 1548 346 poterat:
1567 307 1588 338 5

126 352 441 403 trepidatumque
473 363 563 390 cum
584 353 756 404 periculo
779 358 817 391 et
837 353 877 391 in
899 352 994 390 mari
1015 358 1051 390 et
1070 353 1110 390 in
1131 357 1231 390 terra
1253 353 1363 394 foret.
1395 352 1432 389 ni
1457 365 1547 402 par-

126 408 230 448 tibus
252 408 384 447 divisis
398 408 585 448 Aemilius
603 421 692 449 cum
712 409 903 460 praetoria
924 420 1020 447 nave
1041 408 1191 458 primus
1213 421 1232 446 e
1250 408 1548 458 portuinaltnni

125 470 304 511 evectus,
334 464 530 515 excipiens
551 465 812 516 insequentis,
844 478 914 504 suo
940 476 1137 515 quamque
1159 465 1295 503 ordine
1315 464 1355 502 in
1378 466 1548 503 frontem

123 521 391 567 instruxisset,
421 521 621 561 Eudamus
646 522 874 573 Rhodiaque
897 521 1026 560 classis
1046 520 1305 560 substitissent
1326 521 1370 559 ad
1393 527 1547 567 terram,
1567 530 1589 562 6

125 583 168 616 ut
188 583 226 617 et
246 577 329 616 sine
352 578 605 628 trepidatione
630 579 940 617 conscenderent
959 583 1006 624 et,
1031 584 1073 616 ut
1095 589 1272 628 quaeque
1295 583 1424 628 parata
1436 585 1547 624 esset,

125 633 246 673 exiret
267 633 387 673 navis.
418 634 466 673 ita
495 641 531 674 et
553 635 770 686 explicuere
790 634 967 673 ordinem
987 634 1134 684 primae
1149 634 1187 672 in
1204 641 1415 684 conspectu
1433 647 1546 685 prae-
1567 646 1586 677 7

125 690 232 737 toris,
266 696 303 729 et
323 697 501 729 coactum
523 703 661 742 agmen
683 691 728 730 ab
748 690 908 730 Rhodiis
932 696 1000 736 est,
1019 690 1285 741 instructaque
1307 691 1419 737 acies,
1445 691 1549 730 velut

126 752 332 786 cernerent
350 748 489 798 regios,
516 748 555 786 in
578 748 696 787 altum
717 747 917 799 processit.
958 747 1058 785 inter
1079 747 1341 797 Myonnesum
1364 753 1399 786 et
1423 747 1546 798 Cory-

126 815 217 842 cum
236 804 559 854 promunturium
583 810 703 850 erant,
727 815 818 842 cum
839 804 992 842 hostem
1007 815 1259 854 conspexere.
1288 804 1435 854 etregia
1448 804 1546 842 clas-
1566 809 1586 841 8

124 860 198 907 sis,
235 859 335 898 binis
375 860 415 898 in
446 860 625 899 ordinem
661 859 825 899 navibus
853 860 969 911 longo
1000 860 1152 911 agmine
1187 860 1368 907 veniens,
1399 866 1435 899 et
1464 860 1547 910 ipsa

124 917 246 955 aciem
271 917 473 955 adversam
497 917 681 968 explicuit
698 917 808 955 laevo
830 923 979 956 tantum
1000 922 1129 955 evecta
1153 928 1290 963 cornu,
1311 923 1354 955 ut
1369 917 1545 967 amplecti

125 979 163 1012 et
181 973 345 1019 circuire
367 973 548 1012 dextrum
572 985 695 1012 cornu
718 974 990 1012 Romanorum
1006 979 1148 1024 posset.
1196 973 1301 1024 quod
1327 973 1394 1011 ubi
1415 973 1544 1012 Euda-
1565 988 1585 1019 9

126 1041 226 1075 nius,
250 1030 317 1080 qui
337 1029 497 1081 cogebat
517 1042 668 1081 agmen,
691 1030 796 1077 vidit,
820 1042 901 1069 non
932 1042 1048 1081 posse
1072 1042 1237 1080 aequare
1263 1029 1442 1068 ordinem
1463 1030 1545 1068 Ro-

124 1097 263 1124 manos
305 1091 341 1125 et
366 1091 516 1125 tautum
546 1098 627 1125 non
657 1086 734 1125 iam
765 1086 919 1126 circuiri
950 1086 996 1125 ab
1028 1086 1162 1124 dextro
1192 1098 1338 1131 cornu,
1382 1086 1548 1126 concitat

123 1154 242 1181 naves
282 1165 337 1169 —
377 1148 414 1181 et
464 1148 574 1181 erant
620 1143 794 1182 Rhodiae
837 1144 952 1194 longe
992 1143 1171 1181 omnium
1206 1143 1428 1182 celerrimae
1468 1148 1545 1182 tota

123 1198 243 1238 classe
265 1221 339 1245 —,
371 1205 614 1250 aequatoque
647 1211 770 1238 cornu
803 1199 1017 1250 praetoriae
1039 1200 1148 1246 navi,
1176 1200 1216 1237 in
1239 1211 1313 1250 qua
1335 1199 1544 1250 Polyxeni-

123 1255 191 1294 das
216 1261 307 1302 erat,
341 1267 453 1294 suam
473 1255 623 1294 obiecit.
679 1256 758 1294 lam
774 1256 863 1295 totis
886 1256 1002 1295 simul
1028 1255 1214 1295 classibus
1237 1256 1283 1294 ab
1305 1256 1411 1294 omni
1436 1263 1543 1307 parte
1564 1267 1625 1308 30

123 1422 272 1456 12111-
299 1434 373 1455 sua-s
397 1426 513 1464 quisq„
549 1434 574 1455 s.
611 1425 639 1463 1,
674 1426 728 1463 44,
762 1425 796 1456 1:

119 1471 155 1500 in
181 1472 250 1501 suis
280 1471 414 1510 quisque
447 1471 618 1508 centuriis,-
654 1471 707 1508 44,
741 1470 796 1509 38,

122 1515 180 1547 11:
205 1517 368 1553 compositi
381 1517 448 1546 suis
459 1518 594 1556 quisque
609 1516 774 1546 ordinibus
783 1526 798 1554 ;

119 1560 152 1600 2,
180 1561 210 1599 7,
243 1561 268 1593 1.
290 1563 386 1592 —in
412 1566 508 1597 terra,
538 1562 589 1600 10,
615 1562 646 1595 2,
677 1563 726 1593 10.
755 1578 794 1583 -

113 1607 233 1645 partib.
259 1607 334 1645 div„
359 1604 407 1636 sie
426 1605 567 1637 theilten
593 1605 664 1637 sich
689 1605 722 1636 iu
743 1605 795 1638 die

121 1649 312 1690 Gesffiiifte,
351 1651 470 1682 anders
514 1652 567 1691 25,
595 1652 648 1691 30,
693 1653 723 1684 6.
756 1669 793 1674 -

118 1707 174 1728 suo
204 1707 233 1737 q.
258 1698 328 1730 ord.
353 1696 418 1728 wie
446 1706 472 1727 c.
498 1697 551 1737 23,
589 1698 626 1730 9:
652 1699 796 1736 deinceps

119 1745 182 1773 etc.
209 1759 254 1764 —
283 1744 319 1774 in
341 1742 390 1780 fr.
420 1744 524 1782 ἐπείγῃ,
555 1752 581 1773 c.
614 1744 665 1782 13,
697 1744 726 1775 S.
751 1760 797 1765 -

111 1789 250 1827 primae,
281 1787 332 1819 die
358 1792 447 1819 erste
465 1787 578 1827 Reihe,
605 1787 648 1819 im
668 1787 796 1829 Gegen-

119 1836 212 1865 satze
237 1843 277 1864 zu
301 1844 412 1875 aqmen
436 1844 553 1875 coqere,
578 1844 603 1865 c.
622 1835 676 1873 23,
703 1835 733 1867 8.
750 1851 795 1855 —

118 1880 153 1910 in
177 1889 294 1919 consp„
319 1889 356 1910 so
382 1879 456 1910 dass
489 1888 526 1910 er
560 1889 594 1911 es
627 1880 698 1918 sah,
733 1889 796 1911 vor

118 1923 230 1956 seinen
244 1924 368 1965 Augen.
383 1943 427 1947 -
441 1927 560 1966 Gorya,
581 1925 634 1965 36,
654 1926 710 1963 43,
728 1925 794 1966 vgl.

118 1971 175 2009 40,
204 1971 257 2011 52,
295 1972 330 2003 5:
363 1973 447 2002 inter
477 1972 636 2010 Ephesum
668 1972 797 2003 Samum

119 2016 303 2056 Chiumque.
331 2033 376 2037 —
407 2023 569 2049 cernerent
593 2016 715 2048 konnte
740 2015 801 2048 auf

120 2060 173 2092 die
198 2060 373 2093 Menschen
398 2061 542 2102 bezogen
567 2062 711 2094 werden,

167 2107 266 2140 8—9.
293 2108 376 2139 binis
398 2109 434 2138 in
461 2109 528 2139 ord.
557 2119 641 2147 mm,
666 2118 702 2139 so
718 2107 793 2138 dass

116 2150 153 2192 je
179 2151 263 2183 zwei
285 2151 406 2183 Schiffe
428 2152 499 2184 eine
516 2152 618 2185 Reihe
636 2153 794 2191 bildeteu‚

118 2197 204 2229 zwei
230 2196 333 2230 neben
358 2197 531 2234 einander:
564 2200 620 2238 36,
651 2200 707 2241 43,
736 2200 794 2232 13:

117 2245 305 2285 coqebantm-
348 2260 394 2266 —
426 2254 528 2283 prope
573 2247 608 2276 in
653 2246 793 2276 ordinem

118 2291 263 2330 εἰη-(γαῖα
288 2300 383 2321 naves
405 2292 470 2331 ire3
502 2289 651 2333 Xenoph.
685 2290 792 2322 Anab.

119 2336 152 2374 2,
189 2337 221 2373 4,
262 2335 322 2368 26:
358 2331 479 2377 ἠγεῖτο
525 2337 576 2373 εἰς
612 2331 702 2375 diro,-
734 2345 793 2367 zur

119 2380 307 2411 Construct.
334 2390 358 2412 s.
384 2390 411 2412 c.
441 2381 494 2419 24,
527 2382 566 2421 23
591 2382 645 2421 38,
672 2384 710 2416 4:
737 2384 790 2421 36,

120 2427 152 2465 6,
190 2427 230 2467 2;
272 2427 299 2465 1,
339 2427 393 2465 21,
431 2428 468 2467 13
501 2425 567 2458 Cic.
603 2427 640 2468 Q.
668 2425 722 2458 Fr.
760 2428 791 2466 3,

123 2473 153 2513 1,
185 2472 222 2504 3:
254 2482 286 2503 se
319 2473 420 2503 tcrm's
450 2474 589 2503 nummis
628 2475 663 2504 in
682 2474 793 2512 pedem

117 2523 216 2549 tec-mn
254 2520 460 2559 transeqzlsee;
495 2518 577 2548 doch
609 2517 653 2549 ist
685 2528 725 2549 an
759 2529 790 2550 u.

118 2561 167 2594 St.
196 2562 255 2594 der
281 2572 400 2595 voraus
425 2566 573 2603 gesetzte
607 2562 791 2595 Vei-balbe-

866 1424 953 1464 griff,
985 1428 1075 1455 etwa
1107 1425 1252 1456 euntibus
1284 1424 1334 1455 od.
1369 1427 1543 1464 ι’πείναοιιζς,

866 1469 1015 1510 weniger
1052 1469 1154 1501 leicht
1189 1480 1229 1501 zu
1265 1470 1449 1511 erg'zinzen3
1489 1469 1541 1502 die

869 1514 989 1546 worte
1014 1514 1125 1547 bilden
1151 1525 1211 1546 nur
1234 1515 1307 1547 eine
1333 1516 1455 1548 niihere
1479 1516 1542 1547 Be-

866 1560 1043 1601 stimmnng
1086 1571 1123 1591 zu
1164 1563 1254 1601 lonqo
1289 1564 1424 1603 aymine,
1456 1571 1482 1593 s.
1517 1572 1544 1593 c.

866 1607 920 1646 23,
973 1608 1002 1643 ὃ,
1042 1607 1159 1638 stehen
1209 1605 1269 1637 mit
1314 1609 1441 1639 veniens
1483 1617 1544 1638 nur

865 1651 1036 1683 mittelbar
1070 1652 1103 1683 in
1144 1650 1369 1693 Verbindung,
1407 1652 1474 1693 vgl.
1513 1663 1541 1684 c.

868 1698 922 1736 21,
964 1699 993 1729 2.
1019 1715 1065 1720 —-
1088 1699 1247 1737 explicuit,
1283 1698 1302 1737 ξ
1341 1699 1382 1740 63
1418 1707 1444 1729 c.
1490 1699 1542 1738 12,

870 1744 928 1785 103
955 1743 1008 1782 28,
1039 1744 1097 1782 103
1130 1744 1183 1782 30,
1221 1745 1280 1785 103
1308 1745 1336 1782 1,
1372 1744 1427 1783 31,
1467 1745 1486 1777 5
1512 1755 1542 1775 u.

866 1797 908 1827 a„
927 1788 1074 1829 dagegen
1094 1789 1147 1828 30,
1174 1790 1204 1825 5,
1228 1789 1265 1820 3:
1290 1791 1542 1830 explicaverunt3

865 1834 897 1873 3,
935 1835 989 1872 60,
1032 1835 1088 1868 1οε
1123 1837 1316 1874 exploratus,-
1349 1835 1402 1874 32,
1436 1837 1468 1875 4,
1500 1837 1540 1867 4:

865 1881 1061 1918 implicatus‚·
1091 1879 1150 1911 das
1192 1880 1388 1921 vorhergeh.
1429 1883 1543 1912 adver-

866 1936 935 1956 sum
970 1924 1014 1956 ist
1056 1925 1274 1968 proleptisch:
1308 1935 1344 1957 so
1380 1926 1455 1957 dass
1493 1925 1541 1958 sie

867 1970 976 2009 stand,
994 1970 1075 2003 wie:
1105 1971 1301 2012 gegeniiber.
1320 1989 1363 1993 —
1380 1974 1467 2012 quod
1481 1981 1543 2002 vor

866 2017 922 2048 ubi
943 2016 1029 2047 kann
1052 2015 1232 2048 Pronomeu
1252 2017 1334 2055 sein,
1360 2017 1464 2048 durch
1489 2028 1544 2049 ae-

862 2073 965 2103 quare
989 2066 1053 2093 etc.
1080 2062 1220 2101 erkliirt,
1249 2064 1281 2101 6,
1303 2065 1333 2102 7,
1360 2063 1378 2095 2
1396 2074 1426 2094 ιι.
1448 2073 1478 2094 a.
1499 2080 1544 2084 --

863 2118 999 2148 aequare
1010 2111 1089 2148 ord.,
1105 2107 1326 2148 ausgleichen,
1342 2107 1450 2149 gleich
1463 2108 1543 2148 lang

863 2153 983 2184 bilden.
1013 2171 1057 2176 —-
1083 2160 1206 2185 tantum
1230 2165 1276 2193 η,
1305 2155 1337 2189 4,
1363 2155 1394 2192 2,
1423 2155 1473 2186 12.
1499 2170 1544 2177 -·

861 2210 880 2230 α
904 2201 1018 2230 dextrrz
1052 2210 1093 2230 a:
1128 2209 1195 2229 von
1231 2199 1271 2230 da
1307 2208 1376 2237 aus,
1403 2198 1470 2239 auf,
1500 2199 1543 2230 da

865 2244 923 2275 der
960 2243 1049 2275 linke
1082 2243 1200 2285 Flijgel
1241 2245 1299 2276 der
1338 2243 1460 2276 Feiude
1499 2255 1541 2276 zu

859 2289 1092 2322 umschliessen
1112 2289 1220 2321 droht.
1244 2306 1289 2312 -—
1304 2296 1368 2322 tcta
1389 2292 1439 2331 eL,
1461 2284 1484 2322 ir
1497 2289 1532 2332 gl

861 2337 914 2376 27,
946 2336 978 2374 8,
1005 2336 1043 2368 6:
1069 2342 1132 2367 tota
1157 2337 1326 2368 iuventute.

909 2378 1118 2417 30.1—-5.
1156 2384 1228 2413 totis
1267 2384 1347 2421 sim„
1381 2381 1442 2412 mit
1476 2381 1539 2413 den

865 2435 991 2467 ganzen
1017 2425 1077 2457 auf
1092 2426 1222 2466 einmal,
1248 2425 1308 2458 auf
1329 2427 1388 2458 der
1413 2437 1540 2468 ganzen

863 2471 956 2504 Linie
974 2471 1134 2512 zugleich‚
1153 2472 1243 2503 nicht
1260 2472 1325 2504 wie
1343 2483 1370 2504 c.
1389 2473 1444 2510 24,
1470 2473 1538 2514 vgl.

863 2519 894 2558 2,
911 2520 941 2552 5,
962 2518 1001 2556 33
1019 2518 1073 2557 43,
1093 2519 1123 2556 6,
1140 2520 1174 2558 13
1191 2519 1293 2549 durch
1307 2520 1345 2549 ab
1358 2521 1542 2558 omniparte

862 2563 948 2594 wird
974 2566 1047 2596 totis
1063 2563 1247 2606 erliiutert3
1270 2562 1426 2596 Gelenius
1444 2563 1541 2595 liest:
