1747 2841
103 154 133 173 2.
153 145 202 173 Ch.
224 146 282 172 191.

524 143 649 177 LIBER
675 143 837 178 XXXVI.
865 142 956 176 CAP.
983 144 1034 177 29.
1058 144 1110 177 30.

1451 142 1532 186 135

109 251 202 290 cidit
228 249 486 290 Macedonum
515 248 784 298 deductusque
814 247 859 286 ad
892 259 1022 298 regem
1053 254 1110 285 est
1141 246 1319 285 nondum
1349 247 1529 286 convivio

107 307 282 347 dimisso.

333 305 439 357 quod
471 304 536 343 ubi
566 304 784 342 nuntiatum
805 310 874 350 est,
894 304 997 342 velut
1016 303 1191 354 hospitis,
1216 315 1295 340 non
1316 303 1436 341 hostis
1460 304 1529 342 ad·
1548 313 1569 345 6

111 370 230 403 ventu
261 369 390 402 motus
411 361 613 412 Philippus
639 360 869 399 accumbere
899 372 988 398 eum
1018 359 1242 410 epularique
1263 359 1384 404 iussit,
1415 365 1529 410 atque
1549 371 1567 401 7

109 421 201 460 inde
226 419 392 458 dimissis
415 418 507 464 aliis,
539 418 666 456 solum
689 423 894 462 retentum,
927 416 1056 467 ipsum
1078 416 1236 466 quidem
1263 416 1309 453 de
1331 429 1371 454 se
1392 416 1528 455 timere

108 477 321 528 quicquam
341 475 470 521 vetuit,
501 474 727 513 Aetolorum
751 486 868 524 prava
892 473 1048 511 consilia
1069 478 1182 523 atque
1203 473 1242 510 in
1262 473 1440 523 ipsorum
1463 485 1527 511 ca-
1548 479 1568 511 8

110 539 182 584 put
212 544 367 583 semper
403 531 610 570 recidentia
631 530 833 576 accusavit,
867 529 933 581 qui
964 530 1135 580 primmn
1157 530 1368 576 Romanos,
1389 529 1528 568 deinde

109 589 345 629 Antiochum
377 588 416 626 in
448 587 645 626 Graeciam
677 587 940 625 adduxissent.

991 586 1056 624 sed
1089 587 1398 636 praeteritorum,
1430 598 1528 637 quae
1547 589 1567 621 9

110 646 231 697 magis
254 645 486 696 reprehendi
510 656 626 694 quam
648 643 786 694 corrigi
810 643 970 694 possint,
995 642 1156 681 oblitum
1174 655 1308 681 senon
1323 644 1527 689 facturum,

108 710 153 741 ut
182 702 339 741 insultet
363 701 534 740 adversis
558 700 674 739 rebus
695 711 854 744 eorum2
881 699 1036 738 Aetolos
1061 711 1218 750 quoque
1239 700 1349 737 linire
1371 699 1528 738 tandem
1550 701 1591 733 10

108 759 296 798 adversus
324 771 364 797 se
396 758 482 796 odia
516 757 668 803 debere,
699 763 736 794 et
756 756 995 795 Nicandrum
1026 756 1203 807 privatim
1226 756 1307 794 eins
1328 756 1414 802 diei,
1446 768 1525 806 quo

105 821 284 855 servatus
305 828 324 853 a
346 827 386 853 se
409 817 521 857 soret,
553 813 787 852 meminisse.
824 813 872 851 ita
895 813 1002 859 datis,
1024 813 1091 863 qui
1113 813 1152 851 in
1173 818 1300 851 tutum
1321 824 1409 851 eum
1433 824 1527 863 pro—
1551 808 1588 840 11

106 878 380 923 sequerentur,
402 872 592 922 Hypatam
613 869 805 908 Nicander
831 869 1140 908 consultantibus
1173 869 1219 907 de
1243 882 1334 920 pare
1353 869 1528 908 Romana

107 929 344 980 supervenit.

223 984 449 1037 MltAcilius
471 983 623 1022 vendita
639 988 703 1022 aut
715 995 897 1022 concessa
910 983 1019 1021 militi
1031 983 1129 1021 circa
1143 983 1365 1021 Heracleam
1376 982 1528 1034 praeda,
1549 983 1608 1024 30

107 1047 316 1093 postquam
347 1053 420 1079 nec
439 1040 610 1092 Hypatae
636 1045 766 1090 pacata
796 1040 954 1078 consilia
985 1052 1080 1086 esse,
1112 1045 1148 1078 et
1169 1040 1408 1090 Naupactum
1431 1051 1529 1078 con-

107 1099 278 1137 currisse
298 1097 465 1143 Aetolos,
492 1103 535 1135 ut
563 1096 652 1135 inde
679 1103 804 1135 totum
830 1097 1019 1148 impetum
1039 1096 1126 1137 belli
1148 1097 1394 1143 sustinerent,
1415 1096 1527 1135 audi—

108 1155 182 1201 vit,
219 1154 434 1205 praemisso
466 1157 536 1205 Ap.
568 1153 726 1192 Claudio
758 1165 847 1191 cum
879 1159 1064 1204 quattuor
1095 1153 1251 1192 milibus
1283 1153 1449 1191 militum
1480 1153 1526 1191 ad
1547 1157 1566 1189 2

106 1211 334 1262 occupanda
366 1211 474 1261 iuga,
516 1222 591 1261 qna
631 1209 804 1249 difficiles
831 1210 1015 1249 transitus
1047 1210 1239 1248 montium
1272 1216 1400 1257 erant,

1445 1210 1527 1260 ipse

107 1268 242 1307 Oetam
268 1267 441 1306 escendit
471 1266 706 1317 Herculique
737 1267 968 1305 sacrificium
1002 1267 1091 1305 fecit
1117 1267 1157 1305 in
1189 1280 1234 1305 eo
1265 1267 1364 1313 loco,
1408 1279 1527 1317 quem
1546 1270 1566 1303 3

107 1324 263 1376 Pyram,
286 1323 462 1375 quodibi
484 1323 644 1362 mortale
667 1335 810 1374 corpus
832 1324 915 1362 eius
937 1323 997 1362 dei
1014 1324 1299 1370 sitcrematum,
1322 1324 1525 1374 appellant.

105 1381 197 1420 inde
223 1386 303 1419 toto
335 1380 505 1419 exercitu
528 1382 726 1430 profectus
749 1381 945 1431 reliquum
966 1381 1037 1419 iter
1059 1380 1148 1419 satis
1172 1380 1349 1430 expedito
1374 1380 1526 1431 agmine

107 1438 216 1484 fecit3
249 1443 290 1476 ut
319 1437 365 1475 ad
396 1437 578 1476 Coracem
611 1443 771 1475 ventum
797 1444 854 1476 est
884 1449 1074 1476 —mons
1105 1444 1162 1476 est
1191 1437 1398 1476 altissimus
1429 1437 1529 1476 inter
1547 1446 1571 1478 4

104 1574 229 1605 Maced.
252 1573 355 1611 Rom„
380 1570 444 1602 wie
471 1572 524 1609 25,
553 1572 607 1610 26,
634 1572 684 1611 12,
716 1570 784 1612 vgl.

105 1619 160 1658 23,
193 1619 246 1657 34,
272 1619 302 1650 7.

153 1664 276 1697 6--11.
303 1664 388 1702 hosp.
418 1673 482 1693 non
507 1663 597 1702 host„
624 1673 649 1693 5.
681 1664 709 1701 1,
729 1663 781 1700 58,

107 1710 138 1743 8
158 1727 201 1731 —
217 1710 309 1740 tussit
328 1725 371 1730 —
392 1710 497 1745 vetuit,
515 1706 602 1739 Ρο1.;
621 1707 782 1741 ἐκέλευσε

105 1756 339 1809 θεραπεῦσαι
379 1750 443 1786 τὸν
482 1754 693 1807 Υίκαιδροι
743 1770 781 1777 -

105 1798 199 1855 μετὰ
216 1800 260 1833 δέ
273 1810 332 1833 τι1
335 1812 356 1832 α
371 1795 509 1844 χρόνον
531 1796 641 1837 αὐτὸς
660 1799 743 1838 ἐξα)
745 1812 784 1832 α-

106 1845 195 1882 orins·
228 1846 394 1889 σινέωξε
425 1845 475 1877 τῶ
507 1841 710 1890 Υικάνδρῳ.
739 1863 784 1868 —-

104 1898 210 1934 caput,
235 1891 288 1924 die
314 1890 451 1923 Aetoler
477 1891 612 1922 werden
639 1892 689 1922 als
715 1890 782 1923 Ge-

105 1937 295 1969 sammtheit
309 1937 460 1978 gedaeht.
475 1955 519 1958 —
530 1948 642 1977 accus„
665 1937 783 1980 sprach

105 1983 177 2015 sich
201 1982 337 2015 tadelnd
362 1982 442 2014 iiber
466 1982 514 2013 sie
539 1992 607 2014 aus.
632 2001 677 2005 ——
704 1985 784 2014 obli-

104 2036 172 2062 tum
197 2033 272 2069 etc,
297 2028 378 2060 iiber
402 2027 453 2059 die
478 2027 597 2060 Romer
613 2028 781 2069 erbittert,

104 2085 131 2106 s.
165 2085 191 2106 c.
219 2076 279 2113 25,
317 2075 355 2113 8,
390 2074 487 2105 sucht
511 2083 548 2105 er
572 2075 673 2106 sehon
696 2073 783 2115 jetzt

105 2120 166 2152 mit
192 2120 252 2152 (len
270 2120 428 2151 Aetolern
452 2119 485 2150 in
507 2119 720 2160 Verbindung
741 2131 781 2152 zu

106 2170 228 2198 treten.
252 2183 296 2187 —
314 2167 456 2208 factur„
490 2171 535 2202 ut,
573 2167 622 2205 10,
647 2168 698 2206 15,
730 2167 780 2199 10.

108 2229 148 2234 ——
177 2213 318 2251 Aetolos,
344 2211 402 2242 der
419 2209 606 2251 Gegensatz
632 2222 695 2243 von
709 2214 783 2251 pri-

105 2260 203 2290 vatim
237 2256 343 2297 zeigt‚
375 2256 449 2287 dass
483 2256 518 2288 L.
551 2267 592 2288 an
625 2258 677 2289 die
715 2256 782 2289 Ge-

107 2302 299 2334 sammtheit
323 2302 382 2333 der
406 2301 479 2333 Aet.
517 2303 659 2343 gedacht
685 2303 780 2342 habe,

106 2347 176 2380 Pol.
194 2351 269 2386 τοῖς
282 2348 489 2393 προεστῶσι
508 2349 580 2381 τῶν
595 2349 747 2382 Arm)
720 2361 779 2382 om.

105 2412 151 2416 —
174 2400 288 2428 tutum.
313 2382 585 2426 substantivirtes
610 2393 782 2432 Neutrum

105 2442 139 2479 4,
172 2441 202 2478 8,
229 2441 266 2473 6:
295 2439 326 2470 in
353 2438 549 2471 Sicherheit.

155 2482 222 2522 30.
259 2485 463 2526 Belagerung
489 2494 553 2516 von
579 2484 781 2528 Naupactus,

106 2529 224 2573 Polyb.
241 2532 294 2571 20,
314 2529 548 2570 113P1ut.Tit.
571 2533 608 2564 15
621 2542 630 2573 ς
643 2531 782 2574 Appian.

104 2576 183 2619 Syr.
215 2578 268 2610 21.

905 1573 998 1604 1—6.
1029 1574 1165 1611 vendita,
1188 1572 1240 1610 35,
1263 1573 1291 1614 1,
1312 1573 1361 1604 12.
1381 1589 1424 1594 —
1447 1574 1530 1603 cirea

853 1619 908 1657 H„
935 1617 986 1649 die
1010 1617 1042 1648 in
1071 1618 1136 1648 und
1154 1627 1206 1648 um
1228 1616 1264 1648 H.
1283 1617 1464 1658 gemachte.
1487 1635 1531 1640 —-

853 1666 950 1704 ἴαμα,
990 1663 1048 1694 der
1081 1673 1109 1696 e.
1148 1664 1198 1702 15,
1226 1664 1245 1695 6
1266 1663 1439 1694 erwiihute
1460 1662 1528 1695 Ge-

853 1708 1017 1750 birgszug.
1044 1726 1087 1731 -—
1117 1710 1233 1748 Oetam,
1259 1708 1317 1740 der
1343 1708 1445 1740 Name
1472 1709 1529 1741 des

854 1753 1014 1795 Gebirges
1047 1754 1091 1786 ist
1127 1754 1191 1786 wie
1230 1758 1322 1785 sonst
1347 1754 1529 1786 St'adtena-

852 1810 924 1832 men
958 1800 1002 1831 im
1035 1800 1152 1831 Aecus.
1177 1799 1237 1831 mit
1259 1803 1419 1832 escendere
1447 1810 1527 1832 ver-

852 1845 992 1886 bunden,
1027 1857 1053 1877 5.
1081 1847 1142 1885 35,
1182 1847 1240 1886 13,
1268 1847 1305 1886 6·
1331 1846 1374 1877 11).
1402 1847 1463 1885 43,
1491 1848 1528 1886 3·

853 1892 907 1932 37,
933 1893 964 1932 9,
991 1894 1021 1931 7,
1047 1902 1086 1923 zu
1112 1893 1166 1931 42,
1193 1892 1247 1931 38,
1276 1893 1302 1924 1.
1348 1892 1530 1934 Appiusist

852 1937 943 1968 nicht
967 1937 1067 1968 dahin
1093 1937 1460 1978 gekommen,sonde1n
1486 1947 1527 1969 an

851 1982 943 2015 einer
974 1983 1098 2014 andern
1126 1982 1228 2015 Stelle
1260 1983 1342 2014 iiber
1376 1977 1434 2014 (1115
1461 1982 1528 2015 Ge-

851 2028 945 2069 birge
974 2038 1129 2070 gezogen.
1153 2047 1198 2051 —
1222 2029 1332 2063 sacrif.
1349 2030 1398 2070 f.
1420 2030 1526 2070 c.11‚

852 2076 883 2108 6.
917 2092 961 2097 —
974 2052 1100 2115 DPyra,
1134 2074 1206 2106 eine
1232 2075 1317 2105 hohe
1342 2073 1527 2117 Felskuppe

851 2130 902 2151 am
927 2119 1154 2152 Nordostende
1181 2120 1237 2151 des
1263 2119 1358 2159 Oeta,
1383 2120 1473 2152 Burs
1498 2122 1526 2160 1,

852 2167 904 2200 88.
931 2184 974 2188 —-
998 2173 1088 2198 mort.
1114 2176 1209 2205 corp„
1240 2166 1266 2206 1,
1297 2166 1327 2198 2.
1355 2166 1385 2198 6.
1408 2168 1525 2206 —dei,

855 2213 882 2251 1,
909 2214 938 2252 7,
970 2213 1025 2244 10:
1049 2218 1076 2243 te
1100 2230 1143 2233 —
1167 2217 1336 2243 aucturum
1353 2214 1528 2244 coelestium

850 2269 1029 2289 numerum.
1059 2275 1101 2279 --
1126 2259 1167 2288 sit
1191 2268 1291 2297 crem„
1322 2255 1450 2288 Preller
1468 2255 1525 2289 Gr.

853 2303 958 2345 Myth.
994 2305 1032 2339 2,
1074 2304 1157 2342 256;
1198 2303 1272 2335 168.
1311 2321 1352 2324 —
1387 2305 1527 2335 ieet-sat.

851 2350 957 2388 ezped.
973 2349 1062 2379 steht
1076 2347 1134 2379 mit
1148 2347 1219 2379 dem
1233 2358 1258 2379 c.
1283 2349 1334 2385 15,
1360 2349 1399 2381 10
1411 2346 1431 2380 f.
1446 2348 1528 2380 iiber

853 2395 913 2425 den
942 2394 1026 2425 Oeta
1060 2392 1227 2434 Gesagteu
1260 2393 1350 2425 nicht
1386 2393 1419 2424 in
1447 2393 1527 2425 Ein-

852 2439 962 2480 klaug.
995 2457 1038 2461 ——
1064 2442 1188 2479 Corae„
1221 2438 1293 2471 eine
1325 2439 1529 2472 siidiistliche

852 2485 1073 2525 Fortsctzung
1106 2485 1162 2516 des
1195 2484 1290 2525 Oeta,
1324 2485 1376 2517 die
1402 2495 1443 2517 an
1468 2485 1529 2517 der

854 2530 1000 2563 Ostseite
1046 2530 1215 2562 Aetoliens
1257 2530 1328 2563 sich
1368 2530 1527 2571 hiuzieht‚

853 2587 894 2608 zu
926 2576 1018 2608 einer
1051 2576 1140 2608 Htihe
1178 2587 1242 2608 von
1269 2578 1357 2610 7000
1381 2576 1418 2609 F.
1447 2576 1530 2608 iiber
