1747 2841
171 119 256 161 244
565 115 690 149 LlssER
714 114 892 148 xxxvu.
926 113 1017 147 CAP.
1046 117 1098 149 50.
1131 116 1183 148 51.
1438 119 1464 138 ι.
1483 119 1511 137 u.
1530 110 1596 136 565.

174 222 311 269 ciliam,
333 221 377 269 Q.
397 220 539 259 Fabius
560 220 701 266 Pictor,
726 219 866 257 flamen
888 218 1110 266 Quirinalis,
1133 217 1362 261 Sardiniam,
1384 216 1428 263 Q.
1451 214 1599 254 Fabius

172 279 302 318 Labeo
315 278 487 325 classem,
508 277 551 315 L.
563 276 735 315 Plautius
748 275 951 327 Hypsaeus
963 275 1188 326 Hispaniam
1201 274 1430 318 citeriorem,
1442 272 1484 310 L.
1497 272 1595 310 Bae-

134 343 155 375 9
175 336 265 375 hius
276 335 391 375 Dives
403 333 629 385 Hispaniam
651 332 888 371 ulteriorem.
916 332 1063 370 Siciliae
1083 331 1182 382 legio
1196 343 1271 369 una
1285 329 1475 374 etclassis,
1497 340 1596 379 quae
1649 363 1653 367 .

174 393 214 432 in
235 404 278 431 ea
299 391 498 443 provincia
518 396 609 435 erat,
639 389 803 435 decreta,
824 394 861 427 et
881 394 922 427 ut
943 389 1038 427 duas
1059 388 1242 426 decumas
1264 386 1449 425 frumenti
1469 397 1597 423 novus

175 454 331 502 praetor
361 448 570 498 imperaret
595 446 743 492 Siculis,
774 457 909 484 earum
939 445 1095 484 alteram
1125 445 1165 482 in
1195 444 1338 490 Asiam,
1370 443 1527 481 alteram
1557 442 1598 480 in

117 515 158 547 10
176 505 364 546 Aetoliam
395 504 572 542 mitteret.
614 503 715 541 idem
746 502 792 540 ab
817 501 947 540 Sardis
978 501 1076 552 exigi
1098 507 1212 551 atque
1233 500 1278 538 ad
1301 499 1460 538 eosdem
1483 510 1596 537 exer-

117 572 154 605 11
177 563 275 602 citus
305 561 343 599 id
374 562 639 606 frumentum,
673 559 719 598 ad
753 570 852 609 quos
883 558 1075 603 Siculum,
1107 557 1300 608 deportari
1332 557 1493 594 iussum.
1553 554 1612 594 L.-

177 618 317 658 Baebio
349 617 665 668 supplementum
697 616 736 654 in
768 615 992 665 Hispaniam
1023 614 1155 652 datum
1180 614 1280 652 mille
1300 613 1467 652 Romani
1488 611 1598 662 pedi-

176 682 246 723 tes,
274 674 421 726 equites
449 673 738 725 quinquaginta,
769 678 806 710 et
835 684 901 710 sex
933 671 1034 710 milia
1058 671 1231 721 peditum
1263 670 1385 708 Latini
1416 669 1602 713 nominis,

118 741 159 774 12
179 731 335 771 ducenti
361 730 530 781 equites,
562 729 710 768 Plautio
732 729 911 780 Hypsaeo
938 728 977 766 in
996 727 1218 778 Hispaniam
1252 726 1469 765 citeriorem
1500 725 1602 763 mille

179 787 344 828 Romani
366 787 441 826 dati
461 793 553 825 sunt
571 786 729 837 pedites,
762 786 838 823 duo
861 785 962 822 milia
982 785 1130 823 socium
1143 783 1265 822 Latini
1286 783 1456 820 nominis
1477 781 1602 820 etdu-

181 846 281 884 centi
302 845 471 896 equites;
495 855 585 882 euin
608 843 666 881 his
688 841 966 893 supplementis
989 848 1030 880 ut
1050 841 1219 891 singulas
1238 840 1408 890 legiones
1422 839 1519 877 duae
1531 838 1603 876 Hi-

121 914 162 947 13
181 902 337 953 spaniae
363 900 559 939 haberent.
611 900 752 950 prioris
774 899 865 936 anni
887 897 1183 949 magistratibus,
1207 897 1246 935 C.
1268 896 1394 934 Laelio
1419 907 1507 933 cum
1530 906 1601 933 suo

181 958 352 998 exercitu
381 963 634 1008 prorogatum
659 957 697 994 in
717 968 865 993 annum
886 955 1094 1006 imperium
1118 960 1198 999 est,
1230 958 1481 1004 prorogatum
1507 957 1543 990 et
1562 951 1606 989 P.

184 1015 294 1054 lunio
324 1013 569 1065 propraetori
598 1013 637 1051 in
660 1012 812 1051 Etruria
840 1024 933 1065 cum
964 1024 1008 1049 eo
1041 1011 1224 1057 exercitu,
1256 1010 1383 1061 quiin
1406 1007 1606 1060 provincia

183 1078 295 1118 esset,
324 1076 361 1109 et
385 1071 433 1109 M.
463 1069 608 1108 Tuccio
640 1069 882 1120 propraetori
912 1069 951 1106 in
982 1068 1139 1106 Bruttiis
1170 1073 1206 1105 et
1235 1066 1382 1117 Apulia.

106 1142 164 1183 51
298 1128 532 1177 Priusquam
567 1126 607 1164 in
637 1125 857 1176 provincias
892 1132 1090 1176 praetores
1120 1125 1238 1170 irent,
1284 1129 1479 1161 certamen
1507 1122 1609 1160 inter

184 1185 227 1225 P.
253 1184 446 1223 Licinium
477 1182 702 1233 pontificem
732 1182 944 1220 maximum
979 1182 1051 1232 fuit
1081 1186 1117 1219 et
1146 1181 1190 1228 Q.
1219 1180 1381 1218 Fabium
1416 1179 1607 1217 Pictorem

187 1242 384 1281 flaminem
410 1240 660 1288 Quirinalem,
691 1239 802 1289 quale
832 1244 987 1289 patrum
1014 1237 1202 1275 memoria
1227 1237 1326 1275 inter
1350 1236 1391 1274 L.
1411 1235 1607 1274 Metellum

146 1307 167 1339 2
187 1305 223 1338 et
245 1297 492 1337 Postumium
516 1296 701 1334 Albinum
732 1297 867 1333 fuerat.
913 1295 1115 1347 consulem
1145 1294 1254 1331 illuni
1286 1305 1375 1331 cum
1395 1293 1435 1331 C.
1456 1291 1607 1330 Lutatio

187 1355 328 1406 collega
359 1354 399 1392 in
420 1353 587 1392 Siciliam
618 1352 665 1390 ad
688 1352 850 1390 classem
871 1351 1182 1402 proticiscentem
1203 1350 1249 1388 ad
1271 1362 1377 1388 sacra
1399 1349 1610 1388 retinuerat

148 1421 168 1453 3
186 1412 373 1458 Metellus,
402 1409 578 1461 pontifex
604 1409 817 1455 maximus3
849 1413 1068 1459 praetorem
1099 1408 1216 1452 hunc,
1246 1419 1295 1444 ne
1322 1406 1363 1444 in
1392 1405 1611 1444 Sardiniam

187 1468 511 1520 proficisceretur,
538 1466 580 1504 P.
612 1466 781 1504 Licinius
808 1465 942 1504 tenuit.
988 1471 1024 1503 et
1058 1465 1097 1502 in
1129 1469 1264 1502 senatu
1295 1469 1330 1501 et
1349 1463 1395 1501 ad
1418 1462 1608 1513 populum

148 1534 169 1566 4
188 1525 337 1576 magnis
361 1522 677 1562 contentionibus
708 1528 906 1567 certatum,
938 1527 975 1560 et
1004 1521 1163 1571 imperia
1185 1520 1345 1558 inhibita
1367 1520 1467 1557 ultro
1492 1519 1610 1557 citro-

188 1667 231 1671 —A
269 1649 303 1685 Q.
338 1648 457 1679 Fabius
484 1664 527 1668 -—
562 1646 594 1682 (2.
630 1647 766 1684 Fabius,
811 1644 864 1676 die

190 1692 457 1733 W'iederholung
484 1692 543 1723 der
566 1691 691 1723 Numen
725 1691 769 1722 ist
793 1690 866 1722 hier

189 1740 292 1771 durch
311 1740 372 1770 den
393 1737 516 1769 Zusatz
527 1739 648 1778 flamen
670 1737 760 1773 Quz'r.
786 1746 864 1768 ver-

189 1786 327 1825 anhsst,
352 1783 420 1825 vgl.
446 1793 474 1817 c,
499 1786 563 1820 48,
589 1784 627 1823 23
664 1785 718 1822 40,
751 1784 801 1822 18,
827 1784 865 1823 33

190 1829 397 1872 gewtihnlieh
431 1832 519 1860 setzt
556 1828 588 1860 1..
623 1828 675 1859 die
713 1827 865 1868 gleiehen

190 1876 314 1908 Namen
340 1885 400 1906 nur
424 1874 565 1912 einmal,
592 1874 658 1914 vgl.
685 1883 710 1906 c.
742 1876 796 1914 47,
827 1874 864 1912 83

191 1923 245 1963 35,
272 1925 302 1959 5,
331 1922 370 1963 33
395 1921 447 1960 38,
471 1922 523 1958 56,
546 1922 584 1962 43
610 1919 650 1951 ib,
672 1921 724 1958 55,
744 1921 763 1952 4
783 1930 812 1951 u.
835 1928 864 1949 a.

934 1645 991 1676 der
1016 1648 1105 1686 pont.
1132 1653 1218 1674 max.
1244 1643 1301 1674 iibt
1326 1642 1378 1673 «lie
1396 1640 1610 1673 Jurisdiriion

934 1690 1015 1721 iiber
1032 1690 1089 1721 das
1101 1688 1280 1729 Collegium
1298 1689 1356 1720 der
1376 1687 1611 1730 pontili.allein

935 1746 1005 1769 aus.
1032 1753 1076 1757 —-
1094 1742 1224 1775 patrum
1248 1745 1355 1773 mem„
1395 1734 1452 1765 der
1484 1733 1610 1764 ‹lamals

935 1781 1119 1819 Lebeudeu,
1146 1791 1171 1811 s.
1199 1782 1251 1817 31,
1283 1782 1332 1813 12.
1363 1781 1419 1818 103
1446 1781 1499 1819 25,
1525 1781 1557 1817 6,
1579 1780 1612 1819 3,

936 1828 1002 1868 vgl.
1032 1828 1086 1868 36,
1115 1828 1146 1863 7,
1165 1828 1223 1863 10,
1249 1836 1308 1857 zur
1324 1825 1430 1856 Sache
1449 1823 1612 1856 Periocha

940 1875 997 1915 193
1029 1871 1107 1903 Tac.
1134 1872 1217 1903 Anu.
1247 1876 1283 1908 ἷὲ,
1323 1873 1383 1911 71;
1422 1870 1495 1901 val.
1522 1869 1612 1901 Max.

939 1920 968 1958 1,
998 1920 1025 1954 1,
1050 1920 1080 1950 2.
1105 1935 1149 1939 ——
1177 1920 1265 1949 illum
1299 1916 1358 1947 auf
1389 1917 1446 1947 das
1475 1916 1610 1953 niihere,

188 1985 234 1990 -—
259 1969 346 1999 Sz'cz‘l.
373 1985 412 1989 -—
439 1968 537 2004 duas,
569 1976 595 1996 s.
622 1976 647 1997 c.
677 1966 715 2003 2,
746 1966 796 1997 12.
821 1982 866 1986 ——

189 2017 226 2046 in
267 2015 380 2053 fflkp„
427 2011 485 2042 das
517 2012 598 2042 Jahr
631 2011 753 2042 vorher
797 2019 866 2041 war

190 2059 308 2091 beiden
350 2058 408 2089 das
454 2056 623 2099 imperinm
673 2056 867 2095 verla'ngert

191 2105 346 2146 worden,
392 2114 419 2134 c.
444 2104 482 2142 23
514 2105 575 2142 35,
610 2104 671 2142 20,
709 2104 740 2134 9.
765 2119 810 2123 ——
835 2104 867 2132 in

192 2153 371 2183 ulteriorem
394 2148 649 2180 hinzuzusetzen
680 2157 753 2178 war
778 2146 868 2178 nicht

193 2194 422 2236 nothwendig‚
452 2195 493 2226 da
526 2204 559 2225 es
588 2194 607 2232 ξ
641 2196 658 2226 8
685 2194 784 2224 sehon
810 2202 867 2233 ge-

193 2246 268 2283 sagt
286 2241 343 2281 ist,
363 2239 513 2281 obgleich
531 2242 706 2273 citeriorem
726 2238 868 2270 wieder-

193 2288 267 2319 holt
297 2286 392 2318 wird.
431 2304 473 2308 —
503 2288 606 2325 prior.
639 2287 736 2324 (mni,
779 2283 870 2315 nicht

193 2333 294 2372 allen,
320 2332 461 2363 sondern
485 2332 545 2362 den
571 2330 719 2372 sogleieli
745 2329 869 2371 folgen-

194 2380 273 2411 den:
302 2388 366 2409 von
386 2378 447 2409 den
474 2376 694 2418 Magistraten
719 2387 750 2408 u.
776 2387 800 2407 s.
827 2386 868 2406 w.

241 2421 309 2460 51.
342 2425 437 2457 1—4.
463 2425 636 2464 Licinium,
662 2433 687 2454 s,
707 2425 760 2461 30,
781 2423 808 2454 1.
827 2439 871 2443 —-

186 2471 309 2511 pontif.
336 2481 437 2508 max„
473 2468 523 2500 die
548 2468 618 2500 Hss.
645 2468 749 2499 haben
776 2466 870 2498 meist

194 2519 363 2547 maximum
384 2521 485 2555 pont„
512 2514 576 2554 vgl.
606 2516 659 2551 27,
688 2517 718 2555 15,
744 2515 798 2554 173
824 2512 866 2543 ib.

195 2566 234 2603 3,
266 2564 300 2594 l:
325 2564 482 2591 maximus
506 2563 614 2602 cura'03
649 2561 706 2601 325,
734 2561 794 2595 27,
830 2561 867 2595 -1ς

936 1964 1015 1995 aber
1064 1962 1200 1995 zeitlirh
1248 1961 1451 1994 entferntere
1494 1961 1613 2002 object

936 2010 1092 2049 bezogen,
1106 2009 1159 2045 21.
1183 2010 1298 2047 10,11,
1320 2008 1514 2048 umgekehrt
1528 2009 1615 2039 hunc

932 2058 1101 2095 proficisc„
1128 2054 1178 2085 als
1200 2064 1236 2086 er
1253 2054 1429 2086 wollte.—
1445 2056 1489 2085 ad
1511 2064 1612 2091 sacra,

939 2100 1001 2132 wie
1034 2102 1094 2139 24,
1134 2102 1171 2135 S.
1209 2102 1267 2139 10,
1313 2101 1387 2131 dass
1413 2099 1470 2131 der
1499 2101 1613 2130 namen

939 2146 1120 2188 Quirinalis
1147 2146 1205 2177 der
1230 2145 1484 2185 Heschriinkung
1512 2147 1542 2179 5.
1559 2145 1613 2182 52,

941 2194 999 2225 13:
1040 2194 1177 2233 flamim'
1218 2194 1312 2223 Diali
1358 2197 1474 2223 noctem
1516 2201 1615 2222 mmm

938 2249 1064 2270 manere
1081 2244 1168 2269 extra
1187 2239 1293 2269 urbem
1313 2238 1404 2277 wefas
1420 2244 1473 2275 est,
1497 2240 1615 2267 unter-

939 2282 1065 2315 worfen
1085 2293 1237 2324 gewesen
1252 2283 1311 2322 sei,
1338 2282 1382 2313 ist
1395 2282 1484 2313 nieht
1497 2281 1616 2319 sicher,

942 2330 1006 2369 vgl.
1039 2328 1116 2361 Tar.
1150 2329 1232 2360 Ann.
1270 2330 1309 2368 3,
1345 2329 1404 2367 553
1447 2327 1558 2367 Lange
1587 2328 1618 2369 1,

941 2376 1023 2413 3233
1054 2377 1084 2414 2,
1111 2376 1186 2408 230.
1211 2393 1251 2396 -
1274 2376 1418 2414 imbibita,
1439 2385 1463 2405 s.
1487 2374 1541 2412 36,
1561 2373 1614 2412 2‘3,

942 2423 971 2452 6.
1000 2424 1085 2452 ultro
1111 2424 1231 2461 cilroq.,
1261 2430 1324 2451 von
1349 2420 1421 2451 dem
1441 2418 1562 2450 Prator
1583 2417 1616 2449 in

940 2465 1043 2506 Folge
1078 2466 1185 2498 seines
1221 2465 1408 2508 imperium,
1446 2475 1509 2495 von
1544 2463 1615 2495 dem

940 2511 1100 2554 pontifex.
1126 2511 1204 2543 weil
1230 2512 1281 2542 die
1307 2511 1443 2551 iibrigen
1469 2509 1617 2541 Priester

939 2558 1049 2589 seiuer
1083 2556 1214 2589 Gewalt
1263 2556 1487 2588 unterworl'en
1529 2555 1619 2597 sind,
