1747 2841
14 145 17 147 ι
55 117 81 137 a.
102 109 151 137 ch.
176 111 236 137 190.

460 111 584 144 LIBER
611 111 788 145 XXXVII.
814 110 905 144 CAP.
932 112 984 146 38.
1013 112 1065 145 39.

1390 109 1474 152 221

8 238 9 241 =
57 227 148 254 men
168 215 477 267 ingrederentur,
513 213 560 253 ab
590 214 822 254 instantibus
854 221 960 266 tergo
987 214 1134 264 aliquot
1162 213 1350 251 interfecti
1372 219 1476 252 suut.

57 271 221 310 biduum
250 270 387 310 deinde
418 270 612 309 silentium
643 272 714 310 fuit
735 271 882 310 neutris
903 269 1274 321 transgredientilms
1294 281 1474 315 amnem;
1495 281 1515 312 5

5 370 7 373 ,
59 328 168 367 tertio
199 333 288 379 post
305 327 366 366 die
386 327 551 366 Romani
581 328 696 366 simul
717 340 854 366 omnes
879 326 1105 377 transgressi
1126 332 1219 364 sunt
1239 332 1275 364 et
1295 325 1372 363 duo
1397 325 1472 363 mi-

54 384 104 423 lia
134 385 214 423 fere
233 389 271 422 et
290 383 523 434 quingentos
546 396 682 434 passus
702 384 748 422 ab
771 384 880 422 hoste
902 389 1120 434 posuerunt
1141 388 1273 420 castra.
1321 388 1473 420 inetan-
1493 388 1513 419 6

55 440 158 479 tibus
189 445 226 479 et
245 439 458 479 muniendo
481 441 677 491 occupatis
701 441 769 479 tria
790 441 890 479 milia
911 439 1053 478 delecta
1075 439 1249 489 equitum
1277 438 1474 488 peditum-

56 508 133 547 que
155 496 353 548 regiorum
376 508 516 547 niagno
541 502 687 535 terrore
700 496 1144 540 actumultuadvenere,
1167 495 1361 545 aliquanto
1376 507 1474 545 pau·-
1495 509 1515 541 7

56 553 180 592 ciores
209 552 250 590 in
281 553 444 591 statione
475 560 604 597 erant3
636 553 672 591 hi
704 560 830 592 tamen
859 565 930 603 per
961 565 1012 594 se.
1043 552 1147 590 nullo
1180 566 1205 590 α
1229 551 1475 589 munimento

0 649 1 658 ,
55 615 273 648 castrorum
304 609 420 648 milito
452 616 622 655 avocato,
654 616 690 649 et
715 610 843 660 primo
874 621 1040 660 aequum
1062 608 1254 659 proelium
1276 608 1475 646 sustinue-

54 671 158 712 runt,
190 671 226 704 et
247 674 442 705 crescente
465 667 672 705 certamine
694 666 927 717 pepulerunt
949 665 1068 703 hostis
1091 670 1248 703 centum
1271 676 1315 702 ox
1337 664 1381 702 iis
1405 677 1475 702 oc-

55 722 155 769 cisis,
185 729 342 761 centum
370 725 491 761 feriue
524 724 654 773 raptis.
695 735 765 773 per
796 722 1058 773 quadriduum
1084 721 1296 771 insequens
1325 721 1474 758 instru-
1495 736 1514 769 Β

55 784 136 817 ctae
160 779 356 829 utrimque
379 780 479 818 aries
501 791 572 829 pro
595 779 691 817 vallo
713 785 870 823 stetere;
893 778 1027 829 quinto
1049 777 1109 816 die
1132 777 1297 816 Romani
1312 789 1474 827 proces-

55 847 140 873 sere
170 835 209 873 in
238 835 410 874 medium
442 836 589 886 campi3
621 835 835 874 Antiochus
867 835 961 873 nihil
988 834 1185 885 promovit
1215 834 1334 884 signa,
1360 834 1410 872 ita
1435 840 1476 872 ut
1494 844 1514 875 9

55 892 217 930 extremi
250 892 379 930 miuus
411 892 511 930 mille
543 892 659 943 pedes
686 904 706 929 a
739 892 834 930 vallo
869 891 1058 929 abessent.

168 948 312 987 Consul
340 956 547 999 postquam
575 948 775 987 detractari
803 955 996 986 certamen
1029 947 1130 993 vidit,
1163 952 1319 997 postero
1342 946 1402 984 die
1433 946 1474 984 in
1495 949 1554 990 39

54 1005 258 1043 consilium
280 1005 489 1051 advocavit,
521 1005 613 1055 quid
635 1005 708 1043 sihi
731 1005 949 1043 faciendum
973 1010 1083 1050 esset,
1104 1004 1135 1042 si
1159 1004 1373 1042 Antiochus
1397 1015 1473 1053 pu-

54 1061 197 1111 gnandi
223 1062 372 1112 copiam
406 1074 485 1099 non
518 1059 690 1099 faceret?
716 1061 859 1099 instare
890 1061 1079 1105 hiemem3
1111 1067 1176 1098 aut
1206 1060 1278 1098 sub
1309 1060 1475 1110 pellibus
1495 1068 1514 1099 2

54 1117 253 1156 habendos
284 1118 419 1156 milites
442 1120 537 1163 sore,
568 1125 644 1163 aut,
676 1118 707 1156 si
730 1118 943 1156 concedere
964 1118 1003 1156 in
1030 1117 1189 1155 hiberna
1210 1117 1331 1163 vellet,
1361 1117 1474 1154 (11118-

51 1174 220 1212 rendum
250 1186 333 1212 esse
363 1174 402 1212 in
433 1180 613 1213 aestatem
644 1174 797 1213 belluni.
839 1174 989 1213 nullum
1014 1185 1199 1224 umquam
1221 1173 1372 1212 hostem
1392 1173 1474 1211 Ro·
1495 1183 1515 1215 3

54 1230 157 1269 mani
187 1242 308 1281 aeque
340 1236 670 1281 contempserunt.
716 1231 1000 1269 conclamatum
1024 1230 1196 1280 undique
1217 1236 1285 1276 est,
1317 1230 1477 1268 duceret

52 1287 245 1338 extemplo
271 1293 308 1326 et
332 1294 506 1325 uteretur
528 1287 667 1325 ardore
691 1288 865 1333 militum,
888 1287 965 1337 qui,
989 1293 1474 1337 tamquamnonpugnan—
1492 1297 1515 1329 4

53 1343 148 1382 dum
176 1355 266 1382 cum
289 1349 343 1382 tot
364 1343 519 1382 milibus
542 1344 724 1390 hostium,
754 1344 819 1382 sed
841 1356 912 1394 par
934 1356 1123 1382 numerus
1145 1354 1332 1393 pecorum
1356 1343 1476 1381 truci-

51 1437 167 1475 norum
190 1448 252 1475 etc.
277 1455 302 1475 s,
332 1445 385 1482 35,
414 1446 467 1483 27,
495 1446 524 1477 3.
544 1462 585 1466 —-
610 1447 730 1486 aliquot

53 1489 97 1521 ist
146 1490 412 1521 beschrh'nkende
450 1488 644 1531 Appositiou
687 1501 727 1521 zu

11 1539 15 1543 '
51 1537 134 1576 reqii
174 1545 234 1566 nur
270 1534 303 1566 iu
336 1536 444 1576 Bezug
480 1534 540 1566 auf
568 1538 729 1577 interfecti

51 1587 146 1619 sunm
193 1580 245 1612 die
290 1580 425 1621 iibrigen
466 1580 726 1622 Bestimmungeu

42 1627 131 1667 sessi
174 1644 200 1647 —
252 1628 410 1667 inm-eder.
456 1626 612 1658 beziehen
656 1627 726 1657 sich

51 1670 112 1703 auf
132 1671 198 1703 alle
223 1686 268 1697 =
292 1683 330 1704 ex
346 1674 461 1713 reyie's,
493 1674 552 1713 qui
573 1673 661 1712 fessi
684 1690 726 1693 —

51 1724 242 1749 conaremur
261 1721 337 1752 etc..
368 1717 433 1758 vgl.
462 1718 516 1757 21,
537 1719 589 1756 24,
609 1719 647 1757 23
669 1719 724 1757 32,

56 1764 108 1802 16,
139 1764 196 1802 113
222 1764 275 1799 36,
303 1764 356 1802 33,
386 1766 416 1796 4.

99 1809 196 1841 5—9.
221 1812 310 1841 tertio
332 1817 364 1846 p.
391 1811 440 1848 d.,
467 1819 492 1840 s.
519 1810 580 1847 42,
610 1810 662 1848 37,
692 1810 727 1847 13

53 1853 119 1886 Cic.
145 1853 253 1885 Flace.
279 1855 333 1894 23,
361 1856 421 1887 56:
446 1856 553 1886 multis
572 1861 645 1893 post
668 1866 725 1886 an-

52 1902 123 1935 m'3,·
163 1899 243 1931 aber
278 1910 304 1931 c.
343 1901 403 1933 12.
447 1903 485 1932 9:
529 1901 636 1932 diebus
654 1906 728 1939 post

44 1947 171 1985 paucis,
197 1945 262 1985 vgl.
289 1946 341 1981 35,
371 1947 424 1984 26,
452 1948 488 1983 ὃς
520 1948 576 1985 33,
605 1947 661 1984 44,
688 1947 725 1984 2;

54 1993 84 2030 7,
115 1991 146 2029 2,
174 1991 204 2029 8,
231 1989 270 2022 H.
300 1992 374 2024 317.
400 2009 443 2013 —
468 1998 593 2023 metant.
611 2009 654 2013 —
679 2003 726 2023 oe-

51 2038 184 2076 capacis,
211 2036 269 2067 das
287 2035 440 2068 Letztere
461 2037 518 2068 der
538 2037 728 2077 Bedeutung

52 2082 109 2114 des
129 2081 173 2112 W
177 2086 266 2113 ortes
292 2092 406 2123 wegen
425 2083 496 2114 dem
515 2086 597 2125 part.
621 2092 724 2124 praes.

51 2127 315 2169 gleichgestellt,
341 2127 412 2159 sind
434 2127 500 2158 wol
525 2127 603 2160 abll.
629 2128 726 2167 abss.,

51 2183 77 2205 s.
103 2184 130 2204 c.
160 2174 218 2212 12,
246 2177 284 2211 ὃς
316 2174 376 2211 34,
405 2174 465 2211 33,
496 2175 552 2213 113
579 2175 641 2213 25,
671 2175 725 2213 41,

53 2220 94 2258 23
128 2221 167 2257 9,
198 2220 235 2255 5,
270 2220 325 2251 11:
350 2221 424 2250 leaeo
439 2221 658 2260 frementibus
681 2237 727 2241 --

52 2267 198 2303 advem't;
220 2264 365 2304 dagegeu
397 2265 428 2303 9,
455 2267 509 2302 33,
538 2266 564 2297 1.
592 2282 635 2286 —
659 2268 724 2297 mil.

52 2312 121 2349 del„
150 2311 204 2347 44,
232 2311 284 2344 35,
308 2311 365 2347 14.7
391 2320 417 2340 c.
440 2311 489 2349 18,
513 2312 728 2352 7.—maqno

51 2362 139 2396 terr.‚
164 2356 224 2387 ‹len
251 2355 298 2386 sie
323 2364 459 2395 cri-egen
484 2355 618 2396 wollen,
647 2356 725 2387 dro-

51 2401 146 2433 hend.
171 2418 216 2422 —-
243 2403 378 2432 tumultu
408 2400 472 2432 wie
507 2399 527 2442 ξ
562 2403 580 2434 3
609 2404 727 2433 tumul-

53 2453 156 2485 tuose,
198 2450 296 2478 untcr
330 2446 440 2477 Liirm.
474 2464 505 2468 -
541 2450 724 2480 munimem.

53 2491 96 2523 ist
129 2491 201 2523 hier
231 2492 288 2523 das
320 2492 468 2532 Anlegen
503 2492 561 2523 der
586 2491 726 2524 Befesti-

52 2547 141 2578 gung
165 2537 229 2569 wie
257 2538 377 2569 vorhcr
398 2540 575 2570 muniendo.
594 2555 635 2560 —
650 2546 724 2571 cent.

797 1451 940 1484 —ceoet.,
967 1444 1032 1484 vgl.
1054 1446 1107 1481 21,
1136 1446 1189 1481 54,
1216 1447 1253 1477 4:
1281 1447 1365 1476 mille
1383 1446 1476 1484 equi-

795 1493 878 1522 cibus
894 1509 921 1513 —
947 1492 1032 1521 «mille
1049 1491 1217 1529 peditibus.
1236 1508 1281 1512 ——
1299 1493 1410 1531 quinto
1431 1491 1474 1528 d.‚

796 1535 877 1578 App.
905 1538 964 1569 30:
999 1535 1040 1579 τῇ
1070 1537 1221 1581 ,Ἰξυπτῃ
1248 1532 1266 1568 ὁ
1293 1538 1476 1580 Δομίτιος

797 1583 959 1620 ἐξέτασσε
985 1578 1096 1617 αὖθις
1123 1583 1183 1612 καὶ
1210 1582 1380 1623 ἐπέβαινε
1413 1590 1475 1613 σο-

796 1628 924 1673 βαρῶς.
952 1645 994 1649 -
1019 1629 1121 1665 mille,
1156 1637 1216 1657 nur
1239 1626 1388 1665 tausend,
1419 1628 1474 1665 36,

796 1675 860 1709 40,
901 1675 938 1705 5:
982 1681 1088 1714 senes}
1134 1671 1218 1703 doch
1250 1671 1378 1703 scheint
1416 1671 1476 1702 der

796 1718 898 1749 Raum
936 1716 986 1749 fiii·
1024 1717 1117 1749 beide
1142 1717 1261 1758 Heere,
1299 1727 1395 1749 weun
1422 1716 1476 1748 die

797 1763 916 1795 Rijiner
940 1773 999 1795 aus
1026 1764 1129 1795 ihrem
1157 1762 1263 1805 Lagei·
1291 1764 1310 1803 ξ
1340 1765 1358 1796 5
1384 1766 1474 1794 etwa

800 1811 885 1842 1200
904 1809 1049 1841 Schritte
1074 1809 1284 1848 vorriickten,
1311 1809 1389 1840 sehr
1414 1808 1474 1840 he-

796 1855 964 1886 schrtinkt.

843 1898 910 1936 39.
957 1902 1052 1933 1—3.
1089 1903 1121 1931 in
1155 1912 1236 1932 cons.
1262 1902 1344 1939 adon,
1371 1910 1402 1930 n.
1427 1902 1473 1930 le-

794 1953 894 1988 yatos.
922 1948 1066 1978 tribunos
1079 1950 1152 1984 etc„
1181 1946 1246 1987 vgl.
1268 1947 1321 1983 36,
1352 1947 1407 1978 21,
1435 1947 1474 1977 7:

796 1995 830 2023 in
853 1998 994 2023 senatum
1018 2003 1149 2029 πορίσω
1172 2002 1236 2022 von
1263 1992 1333 2022 dem
1360 1991 1391 2021 in
1418 1993 1474 2021 ad-

795 2049 905 2070 vocare
928 2041 963 2069 in
987 2049 1069 2069 cons.
1092 2038 1331 2078 angedeuteten
1348 2035 1478 2076 Begriff

796 2084 851 2115 des
870 2084 1061 2115 Bcrathens.
1079 2083 1255 2123 Hesi-agens
1273 2083 1377 2123 hiingt
1394 2083 1477 2122 quid

795 2133 856 2161 etc.
884 2129 937 2161 ab.
963 2147 1009 2151 -
1033 2131 1182 2169 hilm-na,
1220 2139 1246 2160 e.
1275 2130 1336 2166 37,
1371 2130 1401 2160 5.
1427 2145 1474 2149 —

795 2177 918 2206 nullum
954 2193 980 2196 m
1014 2180 1188 2213 contemps,
1217 2175 1299 2205 ohne
1326 2172 1472 2205 Verbin-

798 2221 886 2261 dung
926 2220 1128 2260 eingesetzte
1168 2219 1372 2259 ssemerkuug
1415 2218 1472 2250 des

798 2265 1044 2303 Erz'zihlenden,
1082 2265 1134 2296 dic
1170 2265 1230 2297 den
1268 2264 1380 2296 Grund
1415 2264 1472 2295 des

796 2311 995 2352 Folgcnden,
1025 2321 1076 2341 um
1107 2311 1159 2342 dio
1185 2310 1473 2351 augcnblickliohe

796 2356 945 2397 Fassung
982 2357 1151 2388 desselben
1187 2367 1225 2387 zu
1259 2356 1471 2395 bezeichnen,

797 2401 957 2434 ebenfalls
997 2403 1079 2433 ohne
1115 2402 1330 2443 Vei-bindung
1369 2411 1472 2441 auge—

797 2447 910 2489 ffigteu
937 2448 1146 2479 sseschlusses
1171 2447 1321 2487 enthiilt,
1361 2458 1385 2480 s,
1415 2449 1471 2486 40,

798 2496 826 2529 7,
856 2495 872 2525 7
900 2504 930 2524 u.
957 2503 986 2525 a.
1012 2512 1055 2516 —
1084 2496 1302 2534 trucidandus,
1333 2494 1385 2533 25,
1419 2494 1471 2532 16,
