1747 2841
26 144 29 145 ⁷
82 145 110 165 ⁸.
129 137 180 164 ch.
201 138 263 164 187.

77 253 256 293 praeesse
286 246 478 292 oportere.

504 137 629 170 LIBER
643 136 838 171 XXXVIII.
858 136 951 171 CAP.
969 138 1023 171 42.
1036 137 1092 171 43.

1420 135 1503 178 349

532 240 659 291 vagari
689 252 756 279 eos
797 252 886 279 cum
918 238 1006 277 belli
1035 244 1184 277 terrore
1216 251 1284 289 per
1315 239 1503 285 nationes,
1527 246 1564 278 11

79 297 222 348 quibus
242 297 387 336 bellum
409 296 597 335 indictum
619 309 699 335 non
720 296 779 342 sit,
799 307 933 346 pacem
954 297 1076 346 pretio
1100 294 1340 334 venditantis.
1381 296 1413 333 si
1439 308 1503 334 eas

17 368 19 371 ¹
81 353 300 405 provincias
331 352 562 392 exercitibus
594 352 768 392 obtinere
803 365 903 403 opus
937 357 1049 397 esset,
1080 351 1179 389 sicut
1214 351 1274 390 Μ’.
1313 351 1432 390 Acilio
1463 351 1505 390 L.

79 410 209 461 Scipio
240 409 387 456 consul,
418 409 460 448 L.
488 409 658 460 Scipioni
689 410 736 448 M.
758 409 917 448 Fulvius
947 414 984 446 et
1003 408 1071 447 Cn.
1105 407 1269 446 Manlius
1291 408 1504 446 successis-

81 472 169 506 sent
197 466 389 512 consules,
419 466 467 504 ita
498 466 634 504 Fulvio
665 465 884 516 Manlioque
915 464 954 502 C.
984 464 1137 502 Livium
1169 470 1205 502 et
1231 464 1278 502 M.
1311 464 1504 503 Valerium
1526 477 1566 509 12

80 522 262 561 consules
284 521 463 560 debuisse
484 522 702 561 succedere.
741 534 847 560 nunc
868 527 981 566 certe,
1005 522 1175 571 perfecto
1200 521 1369 559 Aetolico
1393 520 1505 565 bello,

82 584 235 629 recepta
264 578 311 617 ab
332 578 523 617 Antiocho
544 579 644 624 Asia,
675 578 832 617 devictis
853 577 979 623 Gallis,
1010 583 1076 615 aut
1105 578 1285 615 consules
1311 577 1356 616 ad
1389 589 1502 616 exer-

81 635 180 674 citus
196 635 421 674 consulares
444 635 539 674 mitti
560 641 626 674 ant
645 634 835 685 reportari
850 634 1020 685 legiones
1041 633 1130 671 inde
1148 633 1334 684 reddique
1350 634 1505 672 tandem

81 691 138 730 rei
157 691 333 742 publicae
356 691 508 730 debere.
538 697 694 730 senatus
722 691 780 729 his
800 690 938 729 auditis
958 690 997 728 in
1024 690 1210 728 sententia
1232 690 1503 740 perseveravit,
1527 699 1565 731 13

84 752 128 787 ut
147 747 373 786 consulibus
404 747 595 786 ambobus
620 748 781 798 Ligures
812 746 1011 798 provincia
1041 752 1162 791 esset3
1194 747 1378 784 Manlium
1409 747 1437 786 F
1444 747 1501 785 ul-

82 804 269 854 viumque
293 804 478 843 decedere
501 804 547 842 de
563 804 773 855 provinciis
795 810 831 842 et
853 803 1043 842 exercitus
1058 803 1148 841 inde
1163 803 1354 841 deducere
1374 815 1417 841 ac
1439 815 1503 842 re-

83 860 165 899 dire
194 861 358 899 Romam
388 861 538 911 placuit.

198 917 420 956 inimicitiae
440 917 540 955 inter
553 917 601 955 M.
616 916 796 955 Fulvium
813 922 850 954 et
868 916 916 954 Μ.
937 916 1143 954 Aemilium
1164 916 1363 954 consulem
1385 921 1506 961 erant,
1524 921 1582 960 43

83 979 122 1012 et
145 986 263 1024 super
293 980 416 1012 cetera
437 973 621 1012 Aemilius
644 973 767 1011 serius
798 972 955 1010 hiennio
987 985 1027 1011 se
1058 972 1259 1010 consulem
1291 974 1434 1011 factum
1457 972 1506 1011 M.

83 1029 209 1069 Fulvii
239 1041 355 1080 opera
385 1029 559 1068 ducebat.
607 1029 734 1079 itaque
765 1029 811 1067 ad
842 1029 1025 1067 invidiam
1056 1029 1090 1067 ei
1120 1029 1334 1067 faciendam
1364 1029 1507 1079 legatos
1526 1035 1545 1066 2

83 1085 369 1125 Ambraciensis
399 1086 439 1124 in
471 1091 647 1125 senatum
678 1085 912 1124 subornatos
943 1085 1169 1124 criminibus
1189 1085 1414 1131 introduxit,
1441 1085 1507 1136 qui

85 1142 169 1188 sibi,
193 1154 282 1181 cum
304 1143 343 1180 in
364 1154 455 1193 pace
476 1148 605 1181 essent
625 1142 889 1193 imperataque
920 1142 1116 1192 prioribus
1143 1141 1369 1180 consulibus
1390 1142 1505 1180 fecis—

88 1289 117 1328 1,
156 1288 208 1327 13,
244 1289 279 1321 1:
313 1290 523 1329 tteaytlfftratus
554 1290 602 1319 vel
631 1290 669 1327 is,
705 1290 762 1329 qui

84 1336 120 1365 in
132 1339 284 1373 potestate
303 1336 413 1374 aliqua
434 1336 484 1373 sit,
509 1339 636 1372 utputa
654 1344 759 1372 pro-

84 1381 230 1411 consul
263 1398 305 1401 —
349 1381 492 1411 iudicare
535 1390 567 1410 eo
609 1381 657 1411 die
698 1390 761 1419 quo

78 1427 205 1465 privati
220 1425 338 1465 futuri
365 1431 480 1464 essent,
519 1435 587 1456 non
614 1431 759 1463 possunt.

89 1488 133 1492 —
155 1475 236 1509 pret.
268 1472 368 1507 vend,
408 1468 461 1501 ffir
506 1469 590 1502 Geld
629 1468 687 1501 feil
723 1488 761 1492 ——

21 1538 26 1542 -
87 1515 292 1551 ausbietend.
327 1514 415 1546 Flor.
454 1518 481 1556 l,
516 1517 533 1548 7
575 1514 662 1558 (13),
703 1517 761 1548 17:

86 1563 172 1593 mille
205 1563 314 1601 pondo
354 1563 432 1592 auri
460 1573 638 1603 reqresszcm
670 1573 762 1593 suum

87 1609 281 1639 venditantes
315 1607 438 1647 (Galli).
471 1625 516 1629 —
547 1609 684 1639 obtinere
710 1618 760 1646 op.

84 1663 123 1691 6.,
149 1651 215 1692 vgl.
240 1653 294 1691 28,
320 1653 375 1691 44,
417 1654 453 1685 1:
486 1655 651 1684 admonere
685 1663 762 1692 opus

85 1704 150 1736 eat3
185 1696 223 1728 R.
250 1698 326 1730 261.
361 1715 402 1720 —
429 1699 527 1734 Acii,
562 1700 616 1738 37,
653 1700 683 1731 6.
716 1716 762 1720 ——

84 1744 177 1775 Fulv.
197 1750 224 1774 et
237 1745 351 1782 Mani„
382 1743 423 1774 da
443 1742 553 1785 Scipio
580 1743 761 1784 eigeutlich

87 1787 342 1827 Griechenland,
377 1789 406 1820 d.
438 1790 470 1820 h.
500 1789 685 1830 iiberhaupt
710 1789 761 1821 die

86 1832 336 1875 Rriegffihrung
371 1834 414 1865 im
445 1833 546 1866 Osten
588 1845 646 1866 zur
679 1833 762 1866 Pro-

89 1879 165 1910 vinz
206 1879 329 1919 gehabt
370 1880 437 1920 hat,
480 1891 504 1913 s.
547 1881 600 1920 37,
641 1882 670 1919 1,
709 1882 760 1920 10,

87 1925 247 1956 wiihrend
273 1924 362 1957 diese
383 1925 470 1966 jetzt
494 1930 590 1957 unter
614 1925 665 1957 die
691 1926 762 1958 bei-

89 1971 152 2002 den
168 1975 353 2010 genannten
368 1971 507 2011 getheilt
520 1971 575 2011 ist,
593 1981 618 2003 s.
637 1973 690 2009 37,
709 1974 763 2011 50,

92 2017 120 2049 1.
145 2033 191 2037 —
214 2023 345 2055 recepta,
370 2016 613 2057 eingenommen
637 2018 703 2048 und
726 2027 763 2048 so

87 2061 166 2093 Ant.
201 2061 443 2103 abgenommen,
475 2073 503 2094 c.
534 2064 588 2103 39,
632 2063 671 2103 33
708 2063 762 2103 36,

137 2153 188 2185 13.
215 2163 383 2191 persever„
417 2162 444 2184 s.
477 2162 504 2184 c.
540 2155 595 2193 46,
624 2155 683 2193 14,
708 2155 763 2193 36,

93 2199 144 2237 14,
177 2198 227 2230 13.
254 2215 297 2219 ῥ-
320 2199 423 2229 Mam.
452 2216 495 2220 —
519 2201 628 2239 deved„
656 2198 764 2231 dieser

87 2243 193 2282 hatte,
219 2253 289 2274 was
314 2243 434 2283 gewiss
459 2243 491 2274 in
515 2243 595 2275 Rom
619 2244 765 2276 bekannt

89 2298 174 2327 war,
217 2288 258 2319 da
298 2298 334 2320 er
378 2291 534 2322 566-67
571 2289 604 2320 in
643 2289 763 2332 Epirus

89 2333 340 2372 iiberwinterte,
387 2344 413 2365 c.
455 2336 510 2375 41,
556 2336 606 2374 15,
640 2335 764 2367 bereits

89 2389 152 2410 vor
191 2379 263 2410 dem
291 2378 420 2411 Antritt
452 2380 511 2411 der
548 2390 651 2412 neuen
678 2380 764 2412 Cou-

87 2424 174 2465 suln,
201 2425 231 2456 d.
259 2427 309 2458 15.
334 2425 427 2456 Miirz
452 2427 518 2459 567
538 2424 672 2464 (Novbr.
699 2429 764 2460 566

89 2470 147 2502 des
187 2469 305 2510 julian.
352 2470 481 2510 Jahres)
525 2471 576 2503 die
621 2471 764 2503 Provinz

89 2515 279 2556 verlassen,
323 2526 393 2548 was
430 2526 477 2556 er,
516 2517 557 2548 da
593 2517 652 2548 mit
692 2518 764 2549 dem

88 2559 378 2593 Friedensschluss
396 2572 422 2593 c.
444 2562 486 2595 38
505 2562 594 2594 seine
610 2561 762 2604 Aufgabe

830 1286 945 1319 erffillt
975 1297 1055 1324 war,
1095 1287 1180 1318 auch
1213 1287 1296 1318 ohne
1326 1286 1505 1319 Senatsbc-

829 1333 956 1364 schluss
999 1333 1080 1363 thun
1123 1333 1254 1364 konnte.
1290 1350 1335 1354 —
1374 1334 1507 1365 Fulvius

829 1378 970 1417 scheint,
1007 1377 1162 1419 obgleich
1195 1378 1260 1409 ihm
1294 1379 1375 1409 nach
1408 1376 1429 1420 ξ
1467 1380 1505 1411 13

832 1424 888 1455 das
903 1424 1072 1466 imperium
1087 1423 1178 1454 nicht
1196 1424 1390 1464 verliingert
1409 1423 1504 1463 wird,

830 1469 878 1501 bis
906 1479 1008 1510 gegen
1037 1470 1094 1501 das
1121 1468 1211 1500 Eude
1237 1470 1292 1501 des
1311 1469 1505 1501 Consulats-

827 1515 942 1556 jahres
969 1517 1034 1548 567
1064 1514 1095 1545 in
1108 1514 1348 1547 Griecbeuland
1376 1514 1504 1555 geblie-

830 1562 891 1593 beu
921 1571 960 1592 zu
987 1560 1068 1593 sein.
1094 1571 1120 1592 e.
1147 1563 1202 1602 44,
1240 1563 1273 1603 13
1308 1561 1362 1600 39,
1398 1563 1429 1599 4,
1467 1562 1505 1600 13

831 1607 872 1640 ib.
901 1608 931 1642 5.
968 1608 1018 1639 13.

876 1649 1053 1687 43—44.
1104 1651 1382 1693 Yerhandlungen
1426 1652 1508 1684 iiber

830 1697 1017 1729 Ambracia.

881 1745 978 1778 1-2,
1002 1753 1097 1782 super
1115 1749 1180 1782 cet„
1207 1744 1260 1781 21,
1284 1744 1338 1782 31,
1366 1744 1417 1782 12,
1439 1743 1505 1784 vgl.

831 1790 884 1827 36,
922 1790 976 1825 33,
1011 1791 1048 1821 4:
1074 1791 1157 1820 inter
1183 1795 1292 1820 cetera.
1331 1807 1374 1811 —
1404 1790 1506 1821 bienn.

831 1845 904 1874 ser„
931 1845 956 1865 c.
987 1836 1042 1873 35,
1074 1836 1109 1873 l,
1134 1836 1187 1871 37,
1214 1836 1268 1868 47.
1294 1836 1332 1874 63
1367 1834 1503 1866 Momm-

831 1889 888 1911 sen
913 1882 989 1913 429.
1018 1897 1058 1902 —-
1084 1890 1189 1919 opera,
1215 1879 1248 1910 in
1266 1880 1374 1911 iibleln
1394 1880 1504 1920 Sinne‚

833 1927 887 1963 41,
917 1928 967 1965 16,
996 1927 1035 1965 23
1060 1929 1162 1957 unten
1190 1924 1210 1966 ξ
1233 1927 1270 1959 9:
1295 1928 1398 1958 eadem
1415 1937 1508 1965 opera

832 1971 969 2002 wiirden
996 1971 1059 2002 wir
1086 1981 1147 2001 nur
1163 1981 1282 2011 sageu:
1310 1971 1340 2002 in
1360 1971 1507 2012 gleicher

835 2016 961 2062 NVeise,
987 2028 1013 2048 s.
1039 2016 1268 2057 Naegelsbach
1292 2015 1313 2058 ξ
1340 2019 1370 2055 9,
1403 2019 1430 2050 1.
1462 2034 1507 2039 —

832 2064 972 2101 demebat,
1000 2073 1025 2094 s.
1044 2072 1069 2094 e.
1086 2064 1138 2095 26,
1159 2064 1198 2104 6;
1227 2064 1280 2095 36,
1307 2064 1361 2101 44,
1388 2064 1425 2100 93
1451 2063 1505 2101 35,

836 2110 888 2142 17,
919 2110 931 2141 1
960 2119 989 2139 u.
1027 2118 1068 2147 a.,
1104 2108 1168 2148 vgl.
1203 2109 1257 2145 35,
1298 2110 1348 2148 14,
1386 2110 1436 2141 10.
1465 2126 1507 2130 -—

832 2155 961 2187 suborn.
986 2157 1085 2191 crim„
1116 2152 1159 2184 im
1186 2151 1362 2185 Geheimen
1387 2163 1508 2194 ausge-

833 2200 937 2230 riistet
962 2199 1022 2230 mit
1046 2198 1351 2239 Beschuldigungen
1380 2209 1433 2230 um
1459 2199 1507 2231 sie

833 2244 1088 2285 vorzubringen,
1123 2244 1240 2276 anders
1282 2246 1335 2277 42.
1380 2247 1430 2278 15.
1468 2245 1506 2277 3:

832 2293 876 2321 ad
890 2292 1010 2322 caedem
1033 2292 1117 2331 reglis
1140 2292 1345 2333 subornato-93
1373 2293 1426 2330 44,
1451 2292 1506 2330 44,

834 2338 873 2375 43
901 2346 960 2367 zur
984 2335 1089 2367 Sache
1116 2337 1170 2374 205,
1198 2337 1250 2376 27,
1282 2338 1332 2369 16.

879 2382 977 2414 3-6.
1002 2383 1066 2412 sibi
1087 2382 1204 2422 gehb'rt
1228 2392 1268 2413 zu
1301 2384 1435 2413 illatum.
1463 2399 1506 2404 —-

833 2433 932 2458 essent
949 2426 1141 2458 bezeichnet
1158 2427 1219 2458 den
1232 2427 1316 2458 auch
1334 2428 1417 2458 nach
1434 2427 1506 2459 dem

831 2473 944 2511 fecisse
968 2472 1032 2503 und
1052 2475 1168 2512 parati
1193 2479 1291 2504 essent
1318 2472 1507 2505 dauernden

833 2517 991 2551 Zustaud.
1019 2536 1063 2540 -—
1082 2520 1219 2557 prim-ib.
1252 2529 1334 2550 cons.
1360 2518 1423 2550 wie
1449 2520 1505 2558 35,

836 2565 888 2603 17,
907 2565 945 2596 6:
975 2565 1131 2596 Antiocho
1146 2566 1177 2596 si
1198 2566 1352 2603 imperata
1360 2565 1504 2606 faciant,
