1747 2841
111 117 138 136 a.
161 109 210 137 011-
232 110 288 136 1⁹2·
533 109 657 142 LIBER
683 109 830 142 xxxv.
866 109 958 141 cap,
985 112 1038 144 35.
1065 112 1117 144 36.
1477 111 1534 152 59

112 220 202 261 erat,
234 225 279 253 eo
310 213 506 264 paulisper
529 226 619 251 cum
642 219 805 264 tyranno
829 218 998 251 vectatus
1020 225 1109 251 cum
1130 213 1175 251 ad
1198 225 1291 251 suos
1315 215 1533 253 concessis-

114 276 182 317 set,
211 277 294 309 tum
326 269 521 321 equitibus
552 269 598 308 ab
631 270 748 307 domo
780 281 913 307 secum
938 269 1064 307 missis
1085 269 1278 320 „agenda“
1301 269 1426 320 inquit
1447 284 1532 316 „res
1557 276 1599 307 16

113 332 182 372 est,
212 327 389 371 iuvenes,
417 326 683 375 audendaque.
714 338 831 376 quam
861 338 922 363 me
954 325 1051 363 duce
1082 326 1244 376 impigre
1271 326 1408 375 exequi
1441 326 1532 365 iussi

112 383 224 428 estis,
244 388 373 433 parate
401 382 552 420 animos
574 383 738 427 dextras,
767 394 815 420 ne
838 382 924 432 quis
950 382 987 419 in
1010 394 1068 427 eo,
1101 383 1206 432 quod
1230 394 1290 420 me
1314 382 1450 420 viderit
1473 385 1532 420 t'a-

112 439 290 484 cientem,
313 444 456 483 cesset;
487 439 552 488 qui
577 444 779 476 cunctatus
804 437 919 476 suerit
938 443 974 476 et
994 450 1109 476 suum
1133 438 1338 476 consilium
1361 450 1447 476 meo
1471 439 1532 476 in-
1559 442 1595 473 17

110 500 301 546 terponet,
332 495 425 533 sciat
454 494 525 533 sibi
553 494 719 533 reditum
751 494 797 532 ad
828 500 985 544 penates
1006 506 1086 532 non
1106 498 1226 533 esse.“
1270 495 1410 532 horror
1431 507 1530 532 cun-

115 558 196 590 ctos
216 551 327 602 cepit,
359 557 396 590 et
417 551 686 594 meminerant,
708 563 797 588 cum
821 550 961 600 quibus
986 551 1174 589 mandatis
1194 551 1373 589 exissent.
1399 557 1531 601 tyran·
1558 554 1597 586 13

110 620 187 646 nus
214 607 261 646 ab
282 608 389 646 laevo
411 619 535 645 cornu
561 607 755 652 veniebat,
787 617 933 656 ponere
955 607 1079 645 hastas
1104 608 1251 657 equites
1276 607 1533 645 Alexamenus

112 663 221 703 iubet
241 670 277 702 et
299 676 340 702 se
362 664 527 709 intueri,
551 663 689 714 colligit
706 669 741 701 et
759 663 842 712 ipse
863 663 1038 701 animum
1062 666 1271 702 confusum
1289 669 1413 701 tantae
1427 664 1533 714 cogi-

115 720 257 760 tatione
289 720 356 758 rei.
394 726 600 770 postquam
632 719 979 770 appropinquabat,
1006 719 1194 770 impetum
1227 720 1313 757 facit
1342 725 1378 758 et
1408 725 1534 758 trans-

110 777 187 815 fixo
210 788 311 827 equo
333 783 542 827 tyrannum
566 775 764 820 deturbat3
784 775 972 813 iacentem
994 777 1141 826 equites
1154 776 1406 821 conl'odiunt;
1433 776 1534 814 mul-
1556 788 1596 821 19

111 833 157 872 tis
182 834 326 871 frustra
350 833 388 870 in
411 833 568 871 loricam
591 831 730 870 ictibus
750 831 846 870 datis
868 832 1022 870 tandem
1043 833 1083 870 in
1106 833 1257 871 nudum
1281 844 1425 882 corpus
1447 833 1533 870 vul-

111 901 203 928 nera
231 895 504 940 pervenerunt,
535 895 571 927 et
593 888 820 939 priusquam
844 900 864 926 a
885 888 1009 927 media
1033 889 1111 927 acie
1135 895 1441 932 succurreretur,
1465 901 1532 927 ex-

110 945 278 997 spiravit.

224 1002 482 1040 Alexamenus
514 1012 604 1038 cum
637 1000 820 1038 omnibus
852 1001 994 1039 Aetolis
1026 1001 1137 1039 citato
1166 1001 1285 1051 gradu
1315 1001 1361 1039 ad
1390 1001 1533 1051 regiam
1553 1000 1614 1040 36

113 1057 380 1108 occupandam
410 1057 545 1107 pergit.
592 1057 768 1107 corporis
791 1057 985 1103 custodes,
1017 1058 1166 1095 cumin
1189 1057 1310 1095 oculis
1335 1070 1396 1095 res
1421 1070 1532 1108 gere-
1552 1063 1571 1094 2

109 1120 228 1158 retur,
250 1125 371 1164 pavor
393 1113 519 1164 primo
544 1113 663 1164 cepit,
688 1113 838 1159 deinde,
861 1120 1069 1164 postquam
1091 1113 1195 1152 abire
1216 1114 1442 1152 Aetolorum
1465 1126 1533 1164 ag-
1554 1120 1573 1151 3

110 1182 200 1209 men
224 1170 366 1216 videre,
393 1176 636 1208 concurrunt
656 1169 701 1207 ad
725 1170 900 1208 relictum
924 1170 1079 1221 tyranni
1101 1182 1257 1220 corpus,
1281 1177 1317 1208 et
1340 1176 1533 1220 spectato-

108 1239 198 1265 rum
222 1226 333 1265 turba
355 1238 401 1264 ex
423 1226 650 1264 custodibus
675 1226 770 1264 vitae
792 1227 1007 1277 mortisque
1031 1226 1222 1265 ultoribus
1244 1228 1340 1265 facta
1364 1233 1431 1265 est.
1462 1238 1535 1264 nec
1553 1239 1575 1271 4

112 1283 298 1322 movisset
327 1294 367 1321 se
399 1282 620 1333 quisquam,
651 1282 681 1320 si
709 1283 900 1334 extemplo
925 1283 1060 1334 positis
1081 1283 1197 1321 armis
1219 1288 1351 1321 vocata
1374 1283 1415 1321 in
1437 1295 1534 1322 con-

109 1446 193 1472 σεο-(ιι
218 1449 243 1470 s.
269 1450 309 1470 m.
338 1439 354 1477 ξ
386 1439 435 1471 13.
459 1455 500 1460 -
520 1441 600 1470 diem
622 1447 654 1476 p.
675 1439 710 1479 f.
737 1444 789 1478 st„

110 1495 136 1517 s.
163 1486 218 1523 25,
245 1486 298 1524 16,
325 1486 356 1517 9.
378 1502 419 1506 —
439 1490 522 1523 tum,
548 1486 579 1523 4,
608 1487 660 1523 55,
686 1485 717 1517 2.
744 1502 789 1506 —

112 1532 223 1572 aqend.
244 1547 288 1552 ——
313 1531 399 1570 aud„
426 1540 452 1561 e.
481 1530 534 1568 31,
566 1531 622 1568 123
650 1531 702 1569 22,
737 1531 788 1569 14,

113 1577 172 1616 143
197 1575 239 1608 ib.
268 1576 330 1615 53,
365 1577 394 1607 7.
424 1593 467 1597 —
491 1577 615 1606 animos
643 1577 694 1612 d.,
719 1585 744 1606 s.
770 1576 789 1614 ξ

110 1623 140 1654 7.
159 1638 203 1643 —
221 1622 309 1662 quod
328 1631 375 1652 me
398 1623 473 1661 vid„
499 1620 564 1661 vgl.
587 1623 618 1660 7,
652 1621 706 1660 33,
738 1622 788 1653 10.

108 1684 153 1688 —
179 1668 214 1698 in
238 1677 271 1698 eo
295 1676 387 1704 ces-3„
416 1668 477 1706 30,
504 1667 544 1705 9,
571 1668 601 1698 9.
626 1683 672 1688 —-
697 1672 790 1698 cesset

109 1719 139 1744 ec
161 1729 207 1734 -
233 1718 336 1744 cunct.
357 1712 411 1752 f.,
438 1721 465 1743 c.
495 1712 556 1751 13,
584 1712 613 1744 8.
662 1718 790 1743 cuncta·

110 1764 162 1790 tus
182 1758 294 1798 fuerit
320 1774 365 1780 —
390 1759 579 1796 interponet,
607 1757 690 1788 ohne
717 1766 788 1788 we-

110 1802 296 1835 sentlichen
316 1801 532 1834 Unterschied
557 1802 613 1833 des
631 1801 786 1834 Zeitver—

110 1848 310 1887 h'altnisses,
347 1858 408 1879 nur
442 1848 536 1879 stellt
569 1848 626 1878 das
654 1846 788 1880 Erstere

110 1893 261 1925 dasselbe
286 1902 442 1934 genauer,
469 1893 521 1924 die
541 1892 714 1933 Handlnng
738 1893 787 1924 als

112 1939 282 1971 volleudet
299 1938 368 1978 dar,
386 1937 453 1979 vgl.
479 1940 510 1977 6,
537 1940 592 1978 41,
612 1939 649 1978 ὃς
680 1940 710 1977 7,
732 1941 787 1978 41),

115 1986 172 2025 1ος
200 1983 267 2016 Cic.
296 1983 386 2016 Fam.
415 1985 474 2024 13,
504 1985 566 2024 65,
595 1985 633 2016 2:
659 1985 809 2016 ornaris'

111 2047 155 2053 -—
177 2030 299 2070 feceris
326 2047 367 2052 —
391 2032 494 2069 capies
521 2047 564 2051 —
590 2031 734 2071 affeceris
757 2040 788 2061 u.

113 2073 170 2107 oft.
197 2093 241 2097 —
265 2077 443 2115 interpon„
476 2074 637 2106 hindei-nd
662 2075 788 2106 ‹lazwi-

111 2120 318 2160 schenstellt,
344 2122 375 2159 7,
400 2121 455 2160 26,
485 2121 515 2153 3.
539 2138 582 2142 -
601 2131 723 2160 ponere
743 2120 788 2152 ist

111 2165 388 2198 wahrscheinlich
406 2165 588 2207 gebraucht
601 2165 665 2197 wie
684 2176 710 2197 c.
733 2167 787 2206 36,

112 2213 150 2251 43
188 2213 219 2251 7,
248 2212 300 2250 16,
327 2213 363 2244 5:
384 2213 453 2250 pilo
474 2213 600 2251 posz'to;
624 2214 655 2252 6,
687 2212 740 2251 12,
767 2212 787 2244 8

112 2267 142 2288 u.
192 2266 240 2296 a.;
289 2255 325 2287 L.
374 2257 470 2288 h'atte
521 2256 606 2288 dann
654 2256 688 2288 in
730 2256 788 2289 der

114 2300 360 2342 Uebersetzung
369 2311 434 2333 von
447 2298 704 2344 καταβάλλειν,
716 2312 788 2334 zum

110 2346 247 2388 Angrilf
287 2347 421 2388 senken,
462 2346 624 2389 einlegen,
668 2347 788 2379 ebenso

113 2392 238 2434 geirrt,
267 2392 332 2424 wie
361 2393 422 2432 33,
449 2393 487 2432 8,
518 2396 566 2426 13.
592 2410 636 2415 --
660 2400 688 2425 et
713 2396 788 2433 ipse,

112 2437 177 2470 wie
201 2447 238 2470 er
263 2438 349 2470 auch
373 2438 434 2469 den
457 2438 596 2479 iibrigen
615 2439 718 2470 durch
727 2450 788 2478 po—

111 2494 186 2515 nere
216 2485 323 2516 hastas
348 2483 443 2515 einen
469 2482 564 2515 Muth
590 2482 787 2516 fordemden

111 2526 236 2571 Rampf
267 2527 422 2561 befohleu
456 2529 533 2569 hat,
573 2539 599 2563 s.
631 2530 651 2570 ξ
685 2530 714 2563 9.
743 2548 787 2552 -

860 1441 996 1480 consus„
1023 1440 1053 1471 6.
1083 1440 1171 1478 ss,‘7.
1197 1456 1240 1460 —
1258 1445 1362 1479 postq.
1390 1450 1535 1480 approp„

859 1496 888 1515 n.
934 1491 1097 1524 tyranno:
1140 1484 1253 1516 immet·
1300 1485 1405 1516 nahei-
1450 1485 1534 1524 kam,

859 1530 943 1561 nahe
976 1539 1058 1561 war.
1083 1547 1127 1551 —
1152 1532 1291 1569 dcem-b„
1335 1531 1419 1561 auch
1452 1531 1536 1562 dazu

859 1575 903 1606 ist
920 1586 998 1616 equo
1016 1585 1056 1606 zu
1077 1575 1213 1608 deuken.
1226 1593 1271 1597 ——-
1287 1578 1424 1616 tcmdem,
1450 1577 1536 1608 nach

858 1620 969 1652 vic-len
988 1620 1222 1661 vergeblichen
1243 1620 1435 1653 Versuchen
1455 1623 1537 1653 end-

858 1666 935 1705 lich,
962 1672 1065 1697 tamen
1089 1666 1202 1698 wiirde
1228 1666 1319 1697 nicht
1337 1677 1465 1709 passen,
1492 1668 1533 1699 da

859 1722 920 1742 nur
945 1712 1003 1743 das
1031 1711 1309 1744 Zeitverh'altniss
1337 1713 1537 1753 angedeutet

857 1756 961 1795 wird,
988 1757 1055 1798 vgl.
1082 1759 1118 1795 2,
1146 1759 1209 1797 25,
1238 1758 1276 1793 32
1305 1760 1334 1793 7,
1367 1759 1418 1796 11,
1446 1761 1476 1797 7,
1503 1758 1535 1789 in

859 1806 965 1834 etwas
1005 1802 1160 1834 auderem
1205 1802 1418 1835 Verh'altniss
1451 1803 1536 1844 folgt

858 1850 983 1880 tandem
1008 1849 1062 1885 36,
1088 1850 1143 1888 45,
1171 1850 1190 1881 3
1217 1849 1299 1880 nach
1307 1850 1456 1889 frustra,
1482 1860 1537 1881 wo

859 1895 941 1924 nach
984 1893 1218 1934 vergeblichen
1249 1893 1440 1926 Vei-suchen
1481 1895 1535 1927 die

858 1938 962 1976 Sache
986 1938 1189 1980 ausgegebeu
1210 1939 1306 1971 wird.
1346 1939 1454 1972 Ueber
1477 1940 1535 1972 das

858 1984 1070 2016 Verhfiltniss
1109 1985 1165 2016 des
1180 1984 1349 2026 'Subjects
1371 1985 1404 2016 in
1422 1996 1536 2025 perve-

857 2038 977 2063 neram
1001 2041 1038 2062 zu
1065 2032 1149 2063 ictib.
1177 2033 1260 2063 datis
1280 2041 1305 2063 S.
1332 2033 1362 2071 7,
1391 2032 1443 2071 14,
1476 2033 1536 2071 103

857 2077 911 2114 21,
939 2078 969 2115 5,
995 2078 1026 2109 4.

904 2118 973 2157 36.
1004 2123 1101 2155 1—6.
1127 2124 1219 2154 citato
1245 2133 1314 2163 φη,
1344 2121 1378 2152 in
1402 2121 1535 2154 schnel-

857 2167 919 2198 lem
941 2166 1100 2206 Solu-itte,
1127 2167 1193 2207 vgl.
1220 2169 1273 2205 34,
1307 2168 1357 2206 15,
1377 2168 1413 2199 3:
1436 2170 1532 2207 pleno

855 2215 972 2254 yradec.
1001 2231 1043 2235 —
1068 2215 1103 2243 in
1128 2215 1226 2252 ocul„
1255 2212 1321 2253 vgl.
1351 2222 1377 2243 c.
1404 2214 1465 2252 31,
1493 2216 1535 2251 93

858 2259 919 2297 37,
946 2259 999 2294 28,
1031 2260 1057 2290 1.
1082 2275 1126 2279 —
1150 2269 1297 2290 comm-r.
1323 2261 1397 2299 etc„
1423 2269 1448 2290 s.
1477 2260 1534 2297 24,

858 2305 896 2343 7,
924 2305 962 2341 53
987 2303 1030 2337 ib.
1059 2304 1122 2343 21,
1149 2305 1179 2337 3.
1205 2321 1248 2326 —
1276 2314 1333 2335 neo
1354 2315 1444 2345 mov.,
1468 2304 1534 2335 und

857 2358 891 2380 es
929 2348 1023 2380 hiitte
1050 2348 1121 2380 sich
1146 2348 1358 2391 (iiberhaupt)
1384 2349 1534 2381 niemaud

857 2394 999 2425 erhoheu
1037 2404 1090 2425 um
1123 2394 1194 2426 sich
1229 2405 1269 2426 zu
1304 2393 1462 2426 hefreien.
1496 2412 1533 2417 —-

849 2442 947 2479 posit.
983 2442 1099 2478 armis,
1137 2451 1168 2471 n.
1201 2439 1424 2472 Alexamenus
1458 2440 1533 2480 (und

855 2485 945 2516 seino
965 2484 1176 2526 Unigebungl,
1202 2485 1293 2517 nicht
1321 2485 1374 2517 die
1385 2485 1535 2517 Laceda-

856 2530 1002 2571 monier,
1034 2530 1098 2562 wie
1123 2532 1184 2571 34,
1218 2531 1280 2571 27,
1314 2533 1352 2571 5,
1376 2531 1418 2562 da
1443 2530 1533 2563 diese
