1747 2841
5 153 7 160 .
46 142 49 144 ·
87 140 114 159 ι.
134 132 186 160 Ch.
206 133 265 159 189.

481 134 606 168 LIBER
633 135 826 168 XXXVIII.
860 134 952 168 CAP.
978 136 1031 169 26.
1059 136 1114 168 27.

1423 135 1507 177 315

89 237 241 278 minum
272 237 417 276 cladem
442 249 514 288 pro
537 250 606 276 sua
627 238 830 278 ducebant.
870 239 997 289 itaque
1018 250 1037 276 a
1059 237 1216 288 paribus
1239 237 1354 276 initiis
1377 245 1510 289 coepta

89 305 151 333 res
172 293 341 332 eundem
362 293 507 332 exitum
529 294 671 333 habuit.
717 296 820 334 velut
842 294 965 333 nubes
987 294 1130 332 levium
1155 294 1318 332 telorum
1341 295 1509 333 coniecta
1530 313 1547 343 γ

36 368 38 370 ·
87 349 218 389 obruit
239 350 358 389 aciem
379 350 590 388 Gallorum.
629 363 699 389 nec
719 358 783 390 aut
806 363 1037 402 procurrere
1061 351 1265 401 quisquam
1288 349 1334 388 ab
1359 351 1508 389 ordini-

85 405 158 446 bus
181 406 272 453 suis,
294 418 342 444 ne
364 406 558 445 nudarent
580 408 752 458 undique
777 420 920 458 corpus
941 407 986 445 ad
1000 407 1110 452 ictus,
1130 406 1334 452 audebant,
1353 412 1506 445 etstan-

86 468 154 509 tes,
185 474 263 514 quo
287 462 487 501 densiores
509 471 627 509 erant,
660 465 733 502 boc
762 464 883 515 plura,
906 464 1008 502 velut
1030 463 1262 502 destinatum
1278 463 1507 513 petentibus,

85 519 245 558 vulnera
264 519 514 569 accipiebant.
548 521 684 559 consul
706 521 781 567 iarn
805 532 874 570 per
894 532 935 559 se
960 519 1119 558 turbatis
1142 520 1172 558 si
1194 519 1507 570 legionumsigna
1527 534 1546 566 g

81 575 324 622 ostendisset,
346 588 530 614 versuros
552 578 745 628 extemplo
771 578 810 615 in
833 578 963 628 fugam
987 576 1115 614 omnis
1138 582 1242 614 ratus
1265 576 1427 626 receptis
1443 576 1506 614 in-

83 637 140 669 ter
180 631 336 670 ordines
378 633 551 671 velitibus
582 639 617 672 et
643 634 712 672 alia
742 633 853 672 turba
884 633 1117 671 auxiliorum
1151 632 1271 670 aciem
1301 632 1506 682 promovit.

81 687 178 726 Galli
219 694 255 726 et
286 689 473 727 memoria
504 689 871 740 Tolostobogiorum
903 689 1018 728 cladis
1051 688 1170 727 territi
1201 695 1237 727 et
1266 688 1502 727 inhaerentia
1523 696 1581 736 27

81 744 315 795 corporibus
340 752 515 795 gerentes
537 746 606 784 tela
631 747 800 796 fessique
822 752 855 784 et
879 745 1016 784 stando
1041 752 1078 783 et
1100 745 1326 783 vulneribus
1349 757 1396 784 ne
1420 745 1501 795 pri-

80 812 190 839 mum
212 801 370 851 quidem
391 802 579 852 impetum
603 809 639 841 et
661 803 870 841 clamorem
892 802 1162 841 Romanorum
1187 801 1369 839 tulerunt.
1414 804 1503 852 suga
1523 812 1541 843 2

79 856 129 895 ad
159 865 282 896 castra
312 858 529 904 inclinavit,
562 859 629 897 sed
659 860 770 909 pauci
801 859 899 897 intra
931 858 1172 896 munimenta
1196 870 1279 896 sese
1302 869 1502 908 recepere;

81 926 170 963 pars
196 914 319 952 maior
349 914 479 953 dextra
501 915 684 965 laevaque
707 915 872 965 praelati,
903 927 978 966 qua
1001 926 1198 965 quemque
1219 914 1386 964 impetus
1406 914 1502 960 tulit,

79 971 273 1021 fugerunt.
296 971 458 1009 victores
484 983 607 1022 usque
629 971 675 1009 ad
698 979 818 1010 castra
835 972 954 1010 secuti
976 971 1198 1010 ceciderunt
1210 976 1334 1021 terga;
1359 970 1498 1009 deinde
1519 981 1538 1013 3

78 1026 118 1064 in
140 1027 272 1065 castris
297 1025 500 1077 cupiditate
522 1027 684 1077 praedae
700 1028 919 1073 haeserunt,
940 1040 1010 1066 nec
1031 1027 1266 1078 sequebatur
1279 1027 1497 1077 quisquam.

74 1082 116 1120 in
138 1082 323 1122 cornibus
344 1083 438 1122 Galli
457 1083 599 1122 diutius
624 1091 822 1131 steterunt,
853 1085 942 1135 quia
963 1085 1085 1122 serius
1109 1083 1155 1122 ad
1176 1096 1242 1122 eos
1265 1091 1496 1133 perventum
1519 1090 1538 1121 4

79 1144 157 1184 est,
199 1146 370 1178 ceterum
401 1152 449 1178 ne
476 1140 648 1190 primum
679 1141 836 1191 quidem
868 1140 1088 1179 coniectum
1120 1140 1285 1178 telorum
1318 1140 1500 1178 tulerunt.

77 1195 217 1234 consul
242 1196 331 1246 quia
350 1196 546 1247 ingressos
570 1197 609 1235 in
630 1203 752 1236 castra
776 1197 822 1236 ab
846 1197 1061 1248 direptione
1081 1196 1303 1235 abstrahere
1325 1208 1405 1234 non
1427 1209 1499 1247 po·
1523 1208 1541 1238 5

81 1257 187 1298 terat,
209 1264 288 1298 eos,
313 1253 379 1302 qui
402 1254 441 1291 in
465 1253 651 1292 cornibus
673 1256 838 1300 fuerant,
866 1254 1045 1304 protinus
1069 1254 1116 1292 ad
1137 1253 1360 1303 sequendos
1382 1253 1502 1292 hostis

80 1308 193 1347 misit.
243 1321 313 1359 per
333 1309 574 1360 aliquantum
597 1310 763 1360 spatium
787 1310 909 1349 secuti
930 1322 1011 1348 non
1032 1310 1119 1360 plus
1143 1316 1273 1348 tamen
1294 1316 1380 1348 octo
1403 1310 1505 1348 milia
1525 1318 1544 1349 6

79 1364 284 1403 hominurn
307 1365 346 1403 in
372 1367 461 1417 fuga
482 1389 536 1393 —
559 1378 649 1405 nam
670 1378 799 1417 pugna
822 1367 926 1405 nulla
947 1367 1083 1405 fuit—
1100 1365 1343 1411 ceciderunt3
1364 1366 1503 1417 reliqui

44 1520 136 1549 ,pro
166 1527 206 1532 —
231 1511 346 1551 ducet,
371 1512 425 1549 36,
454 1512 506 1551 44,
535 1512 574 1551 93
606 1511 673 1552 vgl.
702 1512 756 1546 22,

78 1556 140 1596 60,
177 1556 237 1596 12,
271 1555 336 1588 wie
367 1557 479 1587 habere
505 1567 578 1596 pro.
612 1574 649 1578 —
673 1559 760 1598 quis-

76 1612 174 1641 quam
200 1619 242 1624 —
267 1603 433 1640 audebant,
459 1601 522 1633 wie
547 1613 634 1634 nemo
652 1604 683 1642 4,
703 1604 756 1641 35,

75 1648 114 1684 9;
143 1649 173 1686 5,
202 1647 256 1686 39,
283 1648 322 1687 4;
349 1648 402 1686 24,
431 1648 493 1687 20,
523 1649 582 1686 14,
609 1647 676 1688 vgl.
704 1649 756 1683 35.

77 1692 139 1733 26,
178 1693 210 1725 9.
249 1711 289 1717 —
321 1699 350 1725 et
381 1699 476 1725 stant.
518 1692 563 1724 ist
602 1704 663 1724 nur
704 1692 763 1724 auf

74 1748 130 1769 nee
176 1737 341 1779 bezogeu,
391 1738 551 1770 witin-end
603 1745 660 1771 aut
706 1738 758 1770 ein

75 1782 212 1815 zweites
247 1790 319 1823 aut,
364 1788 453 1816 etwa
490 1790 545 1816 aut
576 1787 655 1817 satis
688 1786 761 1817 teeti

76 1828 168 1868 (tuto)
191 1835 275 1861 stare
295 1835 454 1870 poterant,
487 1832 575 1871 quod
608 1842 668 1871 quo
703 1840 758 1861 er-

76 1877 206 1906 warten
231 1874 325 1915 liisst,
350 1885 375 1906 s.
399 1885 439 1907 zu
464 1877 503 1915 2,
534 1877 596 1916 24,
624 1878 662 1915 5,
690 1875 757 1916 vgl.

77 1920 131 1959 23,
161 1921 212 1959 14,
241 1921 291 1953 19.
328 1938 370 1942 -
404 1923 566 1961 destinat„
602 1921 757 1953 substan-

73 1964 209 1996 tivit-tes
248 1964 427 2008 Particip.‚
470 1977 495 1999 5.
542 1968 578 2005 1,
622 1968 675 2005 27,
718 1967 757 1999 9:

75 2010 227 2051 obgleich
252 2010 299 2042 sie
332 2010 392 2043 auf
427 2012 485 2044 das
515 2011 756 2044 Gerathewohl

72 2057 239 2096 schossen,
267 2066 339 2088 war
364 2066 398 2088 es
426 2057 509 2089 doch
537 2068 574 2089 so
599 2062 680 2099 gut,
706 2057 756 2089 als

76 2101 116 2132 ob
155 2101 203 2133 sie
240 2101 291 2133 ein
329 2101 488 2143 gewisses
525 2102 599 2135 Ziel
640 2103 756 2135 hatten

73 2146 194 2178 treffen
218 2147 351 2187 wollen,
382 2148 448 2189 vgl.
475 2159 503 2181 c.
526 2150 580 2189 29,
601 2151 638 2188 73
665 2148 756 2180 Curt.

76 2195 113 2232 7,
153 2194 215 2232 24,
259 2195 320 2226 41:
369 2200 451 2226 certo
494 2196 559 2226 ictu
600 2196 757 2227 destinata

60 2239 219 2279 feriebat.
245 2256 288 2261 —
310 2245 424 2278 petent.
451 2250 480 2271 n.
504 2241 655 2279 hostibus,
685 2250 755 2272 was

73 2283 147 2315 hier
171 2283 263 2314 nicht
288 2285 371 2316 ohne
390 2283 492 2317 Hiirte
518 2283 613 2327 fehlt,
638 2285 705 2327 vgl.
725 2296 754 2318 c.

77 2330 128 2367 15,
170 2330 209 2371 23
252 2332 284 2369 4,
326 2331 381 2369 60,
429 2332 463 2369 13
504 2332 570 2371 42,
616 2333 674 2371 16,
717 2333 754 2364 7:

69 2376 308 2406 admittentibus
340 2378 504 2409 neminem.
550 2394 586 2399 -
615 2387 677 2416 per
713 2388 754 2417 se,

74 2419 127 2452 bei
153 2419 189 2451 L.
217 2420 329 2461 hiiufig
355 2431 392 2453 so
420 2421 621 2462 gebraucht,
646 2421 753 2454 selten

74 2475 139 2496 von
164 2464 282 2498 Cicero
306 2466 371 2498 und
400 2466 524 2506 Ciisar,
551 2478 576 2499 s.
602 2465 754 2499 Kiihnast

78 2512 150 2545 100.
178 2528 222 2534 —-
253 2523 396 2552 verear„
431 2523 459 2543 n.
494 2524 543 2552 se,
570 2522 597 2543 c.
622 2514 685 2553 60,
714 2514 753 2546 10

71 2567 103 2588 u.
129 2566 158 2588 a.
192 2575 228 2579 —
255 2565 384 2598 recept„
410 2567 435 2590 s.
460 2560 523 2597 30,
551 2558 604 2598 34,
634 2560 683 2592 11.
713 2576 754 2581 -

828 1513 911 1551 alia,
950 1511 1016 1543 und
1053 1511 1238 1543 ausserdem
1271 1510 1323 1542 die
1348 1521 1378 1542 u.
1402 1521 1426 1543 s.
1454 1521 1508 1552 w.,

828 1557 898 1598 vgl.
924 1567 950 1589 e.
982 1558 1032 1596 13,
1061 1558 1099 1596 33
1126 1558 1179 1596 37,
1209 1558 1262 1596 39,
1291 1557 1329 1596 93
1359 1557 1409 1589 12.

875 1599 944 1638 27.
979 1603 1075 1635 1-3.
1100 1605 1252 1634 memoria
1275 1606 1338 1634 etc.
1363 1601 1506 1634 wieder-

828 1648 901 1679 holt
927 1658 988 1680 nur
1012 1658 1039 1680 c.
1065 1649 1119 1687 26,
1150 1650 1178 1681 5.
1195 1666 1237 1671 —
1252 1649 1386 1687 inhaer„
1407 1657 1434 1679 c.
1453 1648 1507 1689 22,

829 1696 868 1730 9,
903 1693 969 1734 vgl.
1002 1696 1042 1735 7,
1074 1695 1135 1731 23,
1169 1695 1201 1726 9.
1228 1711 1272 1715 —
1295 1705 1335 1725 ne
1350 1695 1450 1733 prim.
1476 1705 1506 1735 q.

827 1739 931 1770 durch
955 1740 972 1777 ἓ
997 1741 1018 1773 4
1042 1739 1254 1778 beschriinkt,
1283 1739 1348 1780 vgl.
1368 1738 1507 1781 Appian.

827 1784 850 1815 1.
884 1784 925 1815 1.:
963 1785 1002 1818 ἐν
1035 1784 1075 1817 δὲ
1112 1780 1360 1828 Τεκτοσάγαις
1384 1795 1422 1818 τε
1446 1786 1507 1817 καὶ

831 1826 1017 1875 Τρόκμοις
1077 1826 1309 1863 ἐκινδύνευσε
1355 1829 1427 1875 μὲν
1473 1830 1510 1869 ἐξ

828 1875 989 1921 ἐνέδρας,
1015 1877 1077 1908 καὶ
1104 1875 1252 1920 ἔφυγεν.
1289 1872 1508 1909 ἐπανελθὼν

828 1920 868 1953 δὲ
895 1921 931 1958 ἒς
951 1921 1213 1967 αὐλιζομένους
1233 1939 1277 1943 -
1294 1923 1507 1967 περιέστησε

826 1965 912 2003 τοὺς
940 1966 1075 2009 ψιλοὺς
1102 1966 1236 2004 αὐτοῖς.
1273 1985 1316 1989 --
1339 1978 1422 2007 qua,
1452 1966 1512 1998 auf

826 2011 986 2044 welchem
1012 2012 1130 2053 Wege,
1158 2012 1239 2043 wir:
1264 2012 1393 2053 wohin,
1420 2022 1446 2044 c.
1475 2014 1505 2052 7,

827 2060 865 2097 33
891 2059 944 2098 22,
972 2061 1001 2097 5,
1033 2060 1061 2092 S.
1087 2075 1132 2080 —
1155 2059 1285 2096 haeser,
1314 2057 1379 2089 wie
1405 2067 1430 2088 c.
1451 2058 1504 2098 23,

826 2105 864 2143 43
894 2105 945 2143 10,
967 2104 1021 2141 36,
1044 2104 1102 2136 13:
1128 2105 1287 2136 obiacente
1302 2106 1507 2136 sarcinarum

825 2151 948 2182 emnulo
972 2151 1099 2181 haesere
1123 2151 1267 2188 inpediti.

872 2195 974 2227 4—9.
1022 2198 1057 2226 in
1099 2196 1236 2234 corm·b.‚
1285 2194 1343 2225 das
1384 2194 1507 2226 vorher

825 2238 984 2273 Erzahlte
1003 2239 1101 2280 gieng
1118 2239 1161 2271 im
1179 2239 1409 2271 Mitteltreffen
1436 2249 1506 2271 vor.

827 2302 870 2307 —
894 2287 1032 2325 connect„
1072 2285 1140 2326 vgl.
1181 2287 1235 2325 28,
1279 2285 1340 2324 36,
1383 2286 1421 2318 9:
1467 2287 1511 2317 ad

818 2333 963 2370 primum
996 2333 1161 2363 incursum
1189 2333 1420 2372 coniectumque
1445 2334 1508 2369 teli,

825 2376 1033 2416 gewo'hnlich
1058 2379 1101 2408 ad
1115 2379 1287 2408 coniectum
1309 2379 1374 2417 teli,
1403 2376 1436 2408 in
1455 2376 1507 2408 die

824 2421 1067 2463 Schussweite,
1100 2423 1138 2461 2,
1167 2423 1228 2460 31,
1252 2423 1292 2462 63
1317 2424 1356 2461 7,
1383 2423 1446 2462 26,
1473 2423 1505 2459 9.

826 2467 892 2507 vgl.
927 2477 968 2498 zu
1000 2468 1060 2507 26,
1087 2469 1148 2508 40,
1199 2468 1257 2509 1ος
1298 2467 1380 2499 oben
1415 2469 1434 2508 ξ
1472 2468 1506 2501 1;

825 2515 982 2552 impetum.
1008 2529 1054 2535 -—
1071 2524 1133 2552 per
1156 2515 1230 2555 aliq.
1257 2523 1320 2554 sp„
1354 2513 1415 2553 29,
1451 2513 1505 2553 35,

829 2560 884 2591 13:
921 2560 955 2589 in
986 2560 1187 2600 aliquantum
1219 2561 1317 2590 maris
1347 2560 1508 2599 spatium,-
