1747 2841
128 140 155 159 a.
175 133 225 160 Ch.
250 133 309 160 191.

562 132 683 165 LIBER
702 130 866 166 xxxvl.
891 131 983 164 CAP.
1005 133 1054 166 16.
1076 134 1126 166 17-

1472 131 1552 174 115

129 236 302 276 evastari.
337 236 473 274 consul
493 235 749 287 depopulatus
771 236 1033 287 Hypatensem
1058 234 1184 285 primo
1206 234 1345 273 deinde
1369 235 1550 274 Heracle-
1572 235 1591 266 5

129 305 263 333 ensem
286 304 435 344 agrum,
450 292 575 331 inutili
597 292 804 344 utrobique
826 292 968 331 auxilio
987 291 1228 337 Aetolorum,
1248 291 1288 329 in
1313 291 1405 341 ipsis
1428 292 1551 330 sauci-

128 349 202 390 bus
230 361 354 400 prope
375 351 501 388 fontes
533 349 742 388 calidarum
764 361 954 400 aquarum
976 348 1160 387 adversus
1180 359 1311 398 regem
1334 348 1463 398 posuit
1487 361 1551 386 ca-

127 413 216 446 stra.

283 405 510 444 Aetolorum
542 412 728 456 utraeque
761 418 898 444 manus
928 404 1153 444 Heracleam
1185 416 1268 442 sese
1297 404 1551 443 incluserunt.

126 462 385 507 Antiochum,
415 462 489 505 cui,
521 462 749 513 priusquam
778 463 930 501 hostem
962 467 1148 504 cerneret,
1180 460 1270 499 satis
1298 460 1428 498 omnia
1458 473 1550 511 per-
1570 463 1590 495 6

126 518 275 558 munita
295 525 331 557 et
351 519 552 570 praesidiis
577 519 758 570 obsaepta
781 518 1023 563 videbantur,
1056 518 1171 556 timor
1192 517 1359 562 incessit,
1383 529 1432 555 ne
1454 529 1550 568 quas

126 587 196 626 per
223 575 466 614 imminentia
503 575 591 626 iuga
633 576 744 614 callos
783 575 974 614 inveniret
1011 573 1057 612 ad
1090 573 1294 612 transitum
1325 574 1549 621 Romanus;

124 644 214 671 nam
238 638 275 671 et
292 631 620 671 Lacedaemonios
647 632 845 682 quondam
866 631 915 670 ita
936 644 955 669 a
980 630 1109 669 Persis
1131 630 1313 669 circuitos
1336 633 1436 668 sama
1459 636 1549 677 erat,
1570 632 1589 662 7

124 694 161 728 et
190 700 317 739 nuper
340 688 562 739 Philippum
587 688 632 727 ab
658 688 794 727 iisdem
811 687 1020 727 Romanis:
1051 687 1179 738 itaque
1211 687 1393 726 nuntium
1425 687 1548 726 Hera·
1568 688 1588 720 8

124 745 246 784 cleam
278 744 323 784 ad
354 745 510 784 Aetolos
543 745 667 791 mittit,
709 751 751 783 ut
776 745 876 783 hanc
908 744 1042 783 saltem
1073 743 1145 782 sibi
1177 756 1336 795 operam
1368 756 1415 782 eo
1447 743 1546 782 bello

122 807 375 853 praestarent,
399 808 438 840 ut
460 802 620 841 vertices
641 802 739 840 circa
762 801 957 839 montium
978 806 1214 851 occuparent
1234 800 1547 851 obsiderentque‚

122 870 171 897 ne
202 870 278 910 qua
307 858 470 897 transire
500 858 665 897 Romani
694 864 864 909 possent.

645 926 735 965 pars
758 913 922 965 imperio
946 913 1164 965 parendum
1186 913 1286 964 regis
1307 919 1422 964 atque
1445 926 1544 952 eun—

122 971 216 1010 dum
240 971 460 1018 censebant,
482 983 570 1022 pars
593 970 885 1010 subsistendum
895 970 1100 1009 Heracleae
1121 970 1166 1008 ad
1189 976 1396 1021 utramque
1417 972 1544 1009 fortu-
1566 978 1608 1011 10

121 915 222 954 inter
242 915 399 954 Aetolos
422 921 503 953 orta
527 921 595 953 est.

923 857 997 896 hoc
1029 857 1165 895 nuntio
1191 856 1322 896 audito
1355 856 1545 896 dissensio
1565 860 1585 891 9

122 1040 224 1074 nam,
257 1029 309 1074 ut,
338 1028 419 1066 sive
450 1028 572 1066 victus
600 1027 647 1066 ab
680 1027 839 1066 consule
862 1039 927 1066 rex
952 1033 1062 1068 esset,
1093 1027 1132 1065 in
1160 1026 1336 1078 expedito
1359 1026 1546 1066 haberent

118 1085 288 1136 integras
325 1084 455 1135 copias
485 1084 531 1123 ad
564 1096 679 1135 opem
707 1084 940 1135 propinquis
972 1084 1172 1122 ferendam
1205 1082 1420 1123 civitatibus
1451 1084 1543 1130 suis,

120 1141 202 1180 sive
232 1141 413 1187 vinceret,
440 1147 483 1180 ut
513 1140 718 1191 dissipatos
748 1141 789 1179 in
821 1142 951 1192 fugam
974 1141 1173 1179 Romanos
1201 1145 1542 1191 persequerentur.

119 1204 282 1248 utraque
302 1210 392 1248 pars
413 1209 495 1235 non
515 1197 657 1236 mansit
676 1197 794 1236 modo
816 1197 856 1236 in
877 1197 1066 1236 sententia
1088 1209 1168 1243 sua,
1199 1196 1265 1235 sed
1290 1197 1403 1236 etiam
1427 1209 1539 1236 exse·
1566 1209 1603 1242 11

120 1261 206 1293 cuta
229 1260 286 1293 est
306 1254 534 1293 consilium:
565 1253 642 1293 (luo
668 1254 769 1292 milia
793 1254 997 1292 Heracleae
1020 1253 1297 1300 substiterunt3
1330 1254 1407 1292 duo
1430 1253 1541 1292 trisa-

120 1311 216 1350 riam
253 1310 373 1349 divisa
406 1310 684 1349 Callidromum
717 1317 753 1350 et
783 1310 1048 1350 Rhoduntiam
1082 1316 1119 1349 et
1148 1310 1352 1349 Tichiunta
1375 1310 1544 1349 ——haec

118 1367 276 1406 nomina
299 1366 565 1406 cacuminibus
587 1374 679 1405 sunt
699 1390 752 1393 —
771 1379 1022 1418 occupavere.

233 1423 378 1463 Consul
397 1430 605 1474 postquam
627 1424 775 1462 insessa
796 1424 996 1474 superiora
1016 1423 1099 1462 loca
1122 1422 1168 1461 ab
1191 1423 1334 1462 Aetolis
1356 1423 1459 1469 vidit,
1491 1424 1539 1462 M.
1566 1431 1620 1471 17

118 1479 303 1519 Porcium
326 1480 510 1519 Catonem
527 1479 615 1519 etL.
629 1480 823 1520 Valerium
845 1481 1027 1519 Flaccum
1048 1479 1262 1518 consularis
1284 1480 1429 1531 legatos
1453 1492 1543 1519 cum

117 1620 160 1626 ——
178 1605 213 1634 in
238 1605 295 1643 ips.
304 1603 412 1643 fauo„
438 1601 653 1634 unmittelbar
669 1612 710 1633 an
731 1602 793 1634 den

116 1647 232 1691 Pylae,
258 1659 283 1681 s.
310 1649 329 1688 ἓ
359 1650 396 1691 1;
423 1647 514 1679 nicht
538 1648 620 1680 weit
648 1658 712 1679 von
734 1648 792 1680 der

114 1694 265 1734 Anhtihe‚
290 1703 343 1725 wo
371 1693 423 1726 die
448 1693 630 1736 Spartaner
655 1694 760 1726 fielen.

160 1741 282 1773 6—11.
301 1746 434 1781 utraeq„
454 1741 508 1780 34,
530 1741 584 1779 25,
605 1742 644 1779 53
666 1741 719 1779 32,
739 1741 791 1780 17,

117 1787 166 1819 15.
186 1803 230 1808 —
248 1787 376 1818 Heracl.
394 1797 417 1817 8.
435 1787 523 1825 incl„
543 1786 596 1825 38,
617 1787 670 1826 42,
693 1787 730 1818 9;
758 1788 792 1817 ιή

113 1834 219 1871 valles,
240 1831 308 1872 vgl.
331 1832 384 1871 31,
420 1833 472 1871 17,
494 1833 533 1871 53
555 1830 622 1862 Cic.
642 1831 738 1863 Yerr.
759 1834 790 1872 5,

114 1879 167 1916 55,
196 1879 281 1918 1443
306 1877 349 1908 ib.
368 1879 423 1918 45,
457 1879 529 1910 117.
548 1895 589 1898 —
607 1878 705 1914 Phil„
731 1877 791 1909 be-

112 1922 203 1954 zieht
231 1922 301 1954 sich
334 1922 395 1954 auf
423 1923 474 1955 die
510 1921 702 1964 Umgebung
735 1923 791 1955 des

112 1968 328 2010 Aouspasses,
349 1969 403 2009 32,
428 1970 479 2008 12,
500 1967 592 1999 nicht
606 1968 663 2000 das
686 1969 739 2010 28,
759 1971 791 2010 7,

113 2014 132 2047 3
148 2012 318 2046 Erz'zihlte.
339 2021 432 2046 —ut
447 2032 491 2036 —
509 2021 554 2053 ut,
574 2016 605 2054 9,
624 2015 678 2054 30,
697 2016 728 2047 6.
746 2032 790 2037 -

112 2066 188 2091 vert.
220 2071 245 2092 c.
275 2066 370 2092 mont.
402 2074 447 2085 =
475 2062 604 2092 vertices
632 2063 790 2092 montium

111 2103 146 2146 (ξ
167 2106 224 2138 11:
250 2104 484 2147 cacuminibus),
509 2108 568 2148 qui
583 2107 668 2138 circa
686 2113 786 2138 erant.

111 2161 306 2190 —pars—
325 2153 496 2192 censebant,
523 2152 576 2192 37,
607 2153 659 2191 30,
688 2153 717 2184 7.
744 2170 787 2174 —

109 2200 173 2229 sive
199 2214 242 2219 —
267 2199 349 2237 sive,
387 2207 414 2228 c.
441 2199 478 2237 5,
518 2198 548 2230 6.
572 2215 616 2219 -
644 2204 678 2230 ut
705 2197 787 2229 nach

110 2245 246 2275 vinceret
269 2241 486 2283 wiederholt,
520 2242 585 2275 wie
611 2243 694 2274 nach
721 2250 786 2285 aut,

111 2289 164 2327 29,
192 2289 245 2327 24,
273 2289 304 2327 6,
331 2287 398 2329 vgl.
421 2289 451 2328 2,
479 2289 533 2329 27,
560 2289 590 2320 2.
607 2299 786 2330 —perceq.

109 2332 262 2365 schliesst
295 2333 356 2365 den
389 2333 515 2375 Begriff
543 2334 599 2366 des
631 2333 785 2366 Rb'nnens

110 2379 173 2411 ein.
219 2397 262 2402 —
291 2381 439 2419 C'allidr.,
476 2379 550 2411 hier
587 2379 619 2411 in
647 2390 786 2421 engerer

110 2424 312 2466 Bedeutnng‚
341 2435 367 2456 c.
399 2426 456 2465 15,
497 2426 556 2466 10,
581 2425 653 2457 eine
683 2425 786 2457 durch

110 2470 161 2502 eiu
203 2469 334 2502 Hastcll
374 2469 551 2511 befestigte
593 2470 684 2502 Habe
729 2472 785 2503 des

110 2514 212 2555 Oeta,
239 2526 265 2547 e.
296 2518 354 2556 17,
393 2518 420 2549 1.
468 2517 582 2556 Rhod„
607 2516 728 2548 Strabo
753 2519 784 2557 9,

108 2563 140 2602 4,
170 2563 229 2595 13:
264 2558 477 2595 ‘Podovvrta
504 2564 645 2608 χωρίον
672 2562 785 2607 ἔρυμ-

863 1600 937 1636 νόν.
999 1605 1185 1636 Teichz'zmta
1221 1603 1286 1636 wie
1313 1604 1375 1644 37,
1418 1606 1475 1644 16,
1501 1606 1542 1648 63

862 1650 916 1689 25,
943 1651 981 1689 7,
1012 1651 1069 1682 16:
1101 1651 1274 1689 Plczz'uma;
1310 1651 1370 1689 31,
1416 1651 1473 1691 16,
1504 1653 1540 1684 5:

860 1697 1038 1734 Elaeunta5
1070 1696 1123 1734 34,
1150 1696 1206 1734 28,
1236 1696 1454 1735 1;44,6,1ο,
1473 1696 1539 1737 vgl.

862 1751 888 1772 c.
918 1742 969 1781 11,
1005 1742 1043 1779 ss;
1082 1740 1134 1772 die
1162 1740 1278 1772 beiden
1303 1740 1415 1772 Ho'hen
1442 1741 1540 1783 lagen

859 1787 953 1818 mehr
985 1786 1140 1818 westlich
1172 1786 1222 1818 als
1248 1786 1481 1819 Callidromum
1506 1799 1537 1819 u.

860 1842 973 1864 waren
997 1831 1062 1863 wie
1089 1831 1196 1864 dieses
1221 1830 1388 1873 befestigt.

911 1874 1111 1914 17-1-2.
1151 1880 1307 1910 (70913.-
1331 1881 1422 1918 matt„
1451 1877 1538 1911 Plut.

862 1924 902 1956 13
929 1923 1094 1964 dagegen:
1120 1922 1185 1976 τὴν
1214 1920 1397 1968 Περσικὴα
1417 1942 1461 1946 --
1479 1921 1539 1957 κί-

859 1970 992 2002 namon
1017 1966 1036 2001 ὁ
1063 1965 1227 2002 Κάτωπ
1252 1972 1302 2006 εἰς
1319 1981 1410 2003 ιοιν
1427 1968 1536 2010 βαλό-

859 2024 930 2066 pem
932 2026 970 2051 ος
994 2010 1167 2052 ἐξώδευσε
1192 2011 1371 2060 νύκτωο
1389 2015 1538 2047 schreibt

860 2060 931 2091 sich
969 2060 1052 2092 Cato
1097 2061 1154 2092 das
1191 2047 1370 2093 Χονάἰεηεῒ
1405 2072 1454 2092 zu.
1491 2079 1535 2084 —

859 2108 978 2138 consul.
1015 2109 1088 2147 leq„
1127 2106 1245 2138 ebenso
1282 2105 1429 2147 Phlegon
1470 2117 1535 2138 von

855 2150 986 2183 Tralles
1027 2152 1066 2183 de
1107 2151 1247 2185 miralib.
1290 2163 1317 2184 c.
1363 2154 1399 2185 3:
1439 2151 1535 2196 μετὰ

855 2198 1090 2241 πρεσβευτῶν
1122 2201 1198 2233 etc„
1234 2197 1318 2229 Plut.
1364 2197 1437 2230 Cat.
1476 2199 1534 2238 12;

856 2242 907 2275 die
927 2243 1051 2274 andern
1079 2241 1335 2284 Schriftsteller,
1361 2243 1444 2286 App.
1475 2245 1533 2284 183

854 2288 934 2320 Aur.
960 2288 1046 2319 vict.
1072 2290 1134 2325 47,
1162 2299 1287 2321 nennen
1311 2289 1366 2321 ihn
1392 2288 1533 2330 Rriegs-

856 2334 978 2371 tribun,
1014 2333 1079 2375 vgl.
1114 2333 1269 2365 Frontiu:
1295 2337 1445 2368 tribunus
1467 2337 1533 2367 mil.

855 2393 873 2412 α
894 2382 1012 2419 populo
1029 2381 1161 2420 factum
1197 2379 1262 2412 Cic.
1293 2380 1363 2412 Cat.
1393 2382 1444 2422 10,
1472 2382 1533 2414 32:

853 2427 1003 2458 tribunus
1041 2427 1194 2458 militaris
1232 2428 1413 2468 depquavi
1447 2429 1537 2466 apud

855 2474 1092 2512 Thermopylae,
1128 2470 1195 2512 vgl.
1221 2472 1305 2503 auch
1331 2471 1448 2515 Polyb.
1477 2473 1531 2511 20,

858 2518 909 2557 10,
941 2518 997 2556 1ος
1027 2517 1109 2548 nach
1134 2516 1310 2550 Mommsen
1325 2517 1448 2550 Staatr.
1468 2519 1532 2551 189

855 2563 915 2594 hat
942 2561 976 2595 L.
1005 2562 1095 2594 viell.
1124 2572 1164 2593 an
1184 2562 1236 2595 die
1255 2563 1532 2605 Legionslegaten

1217 2619 1265 2653 s*
