1747 2841
11 0 18 40 ..ψ

9 47 18 100 ..ο-

149 146 175 165 ι.
197 139 246 166 Ch.
267 140 327 166 191.

566 138 691 172 Lmen
717 139 880 174 xxxvl.
916 139 1007 172 CAP.
1038 141 1091 174 39.
1118 143 1170 175 40.
1494 141 1575 182 149

149 244 209 284 lia.
251 244 282 283 si
303 243 345 282 P.
367 243 495 294 Scipio
527 242 685 282 devictis
712 243 790 282 acie
810 243 900 282 Bois
929 249 994 282 aut
1021 243 1103 294 ipse
1125 254 1213 281 cum
1236 242 1380 281 victore
1403 243 1573 283 exercitu
1594 251 1613 282 7

149 301 189 340 in
216 312 352 351 agrum
381 300 570 350 Ligurum
601 300 810 344 transisset,
840 306 906 339 aut
932 305 1080 350 partem
1111 299 1311 350 copiarum
1337 300 1381 346 Q.
1403 300 1573 338 Minucio

150 356 329 402 misisset,
353 357 419 406 qui
439 356 515 394 iam
541 356 694 394 tertium
716 355 767 395 ibi
789 368 937 395 annum
959 355 1077 394 dubio
1103 356 1341 394 detineretur
1363 355 1474 401 bello,
1503 356 1572 394 de-

150 412 281 452 bellari
301 425 391 451 cum
412 412 620 463 Liguribus
642 413 836 463 potuisse:
861 424 965 450 1111116
984 412 1029 450 ad
1052 412 1295 463 triumphum
1318 414 1573 462 frequentan-
1593 420 1612 453 8

151 469 246 508 (lum
279 469 465 508 deductos
487 481 570 507 esse
595 469 744 516 milites,
776 469 842 519 qui
863 469 1053 520 egregiam
1076 481 1217 507 navare
1239 480 1398 519 operam
1421 469 1475 506 rei
1497 481 1573 519 pu-

149 525 268 565 blicae
296 526 533 577 potuissent,
564 532 723 576 possent
752 525 887 571 etiam,
921 525 952 564 si
983 532 1161 570 senatus,
1194 525 1299 575 quod
1330 524 1574 564 festinatione

149 582 336 634 triumphi
366 582 684 632 praetermissum
709 588 820 627 esset,
850 582 887 620 1(1
909 582 1110 620 restituere
1134 581 1349 620 differendo
1373 581 1573 632 triumpho

147 639 270 678 vellet.
320 638 499 677 iuberent
528 639 728 677 consulem
761 650 851 676 cum
873 638 1091 689 legionibus
1114 638 1240 676 redire
1260 638 1299 676 111
1320 638 1573 688 provinciam,
1593 642 1614 674 9

149 695 240 734 dare
261 707 434 746 operam,
461 701 502 733 ut
523 695 684 745 Ligures
705 694 946 745 subigantur.
977 695 1050 733 nisi
1072 695 1123 733 illi
1144 700 1331 745 cogantur
1346 695 1385 732 111
1398 694 1574 732 iusiudi-

149 752 332 802 ciumque
355 751 487 802 populi
510 752 687 797 Romani,
719 763 767 789 ne
788 751 904 789 Boios
928 751 1084 801 quidem
1108 751 1330 802 quieturos:
1353 757 1419 789 aut
1440 762 1574 801 pacem

148 815 213 847 aut
242 808 387 847 bellum
419 807 626 858 utrobique
658 807 844 846 habenda.
888 807 1046 847 devictis
1066 807 1287 859 Liguribus,
1319 819 1464 857 paucos
1486 812 1576 857 post
1596 810 1636 841 10

151 877 305 903 menses
337 865 613 915 proconsulem
645 864 687 902 P.
719 863 941 903 Cornelium
970 865 1184 903 multorum
1215 864 1405 914 exemplo,
1437 863 1503 914 qui
1533 863 1574 901 iu

148 922 371 972 magistratu
411 933 492 959 non
524 920 882 971 triumphmerunt,
926 921 1258 971 triumphaturum
1287 933 1383 959 esse.

151 978 289 1017 consul
312 989 439 1028 neque
462 990 502 1015 se
514 977 676 1028 Ligures
698 977 939 1027 provinciam
960 979 1140 1017 sortitum
1163 990 1246 1016 esse
1259 977 1319 1023 ait,
1343 988 1470 1026 neque
1484 988 1574 1014 cum

138 1030 357 1085 'Liguribus
386 1033 530 1072 bellum
562 1033 737 1083 gessisse,
768 1045 896 1084 neque
928 1034 1171 1085 triumphum
1203 1033 1249 1072 de
1280 1034 1325 1072 iis
1356 1033 1574 1083 postulare;

148 1091 193 1138 Q.
224 1090 439 1129 Minucium
472 1089 668 1128 confidere
699 1090 808 1128 brevi
838 1090 1005 1129 subactis
1036 1091 1081 1129 iis
1114 1090 1297 1129 meritum
1328 1089 1573 1140 triumphum
1593 1090 1613 1122 2

149 1147 434 1198 postulaturum
461 1153 576 1197 atque
599 1146 897 1197 impetraturum
920 1159 1025 1186 esse:
1056 1160 1097 1185 se
1121 1147 1167 1185 de
1191 1146 1303 1185 Gallis
1324 1146 1414 1184 Bois
1435 1152 1574 1196 postu·
1594 1144 1614 1176 3

144 1204 222 1242 lare
241 1203 498 1253 triumphum,
529 1215 629 1253 quos
660 1203 739 1241 acie
764 1203 907 1249 vicerit,
939 1204 1072 1242 castris
1093 1203 1253 1249 exuerit,
1286 1214 1457 1253 quorum
1478 1214 1574 1252 gen-

149 1267 224 1299 tem
252 1259 370 1298 biduo
394 1266 482 1310 post
504 1271 674 1310 pugnam
698 1266 815 1298 totam
839 1260 1029 1310 acceperit
1050 1261 1089 1298 111
1111 1260 1359 1305 deditionem,
1391 1271 1411 1297 a
1432 1257 1574 1309 quibus

147 1316 301 1355 obsides
332 1315 547 1361 abduxerit,
577 1316 682 1366 pacis
713 1318 867 1355 futurae
898 1317 1050 1368 pignus.
1093 1328 1228 1355 verum
1258 1316 1457 1355 enimvero
1481 1314 1574 1353 illud
1594 1312 1615 1344 4

142 1429 178 1466 8,
196 1429 249 1467 24,
266 1429 306 1468 73
333 1428 364 1469 9,
389 1429 442 1467 43,
472 1429 522 1460 17.
543 1445 587 1450 —
607 1431 639 1459 in
657 1440 723 1470 αρν.
741 1430 826 1470 Σίφ,

146 1477 239 1505 sonst
265 1473 348 1504 wird
376 1483 410 1504 es
439 1473 606 1514 getadett,
641 1484 735 1505 werin
770 1474 827 1505 der

148 1518 268 1550 Consul
295 1519 378 1550 ohne
407 1529 483 1550 vom
508 1518 610 1550 Senat
638 1519 722 1551 dazu
748 1529 826 1550 ver-

147 1564 275 1596 anlasst
300 1574 340 1595 zu
366 1564 436 1596 sein
461 1564 551 1596 seine
578 1563 720 1596 Provinz
747 1574 825 1596 ver-

146 1610 243 1649 liisst,
272 1620 297 1641 s.
323 1620 364 1641 zu
392 1612 451 1649 10,
479 1611 532 1648 37,
561 1613 596 1650 7;
626 1613 680 1651 27,
705 1611 760 1649 43,
787 1612 825 1647 ὃς

147 1657 202 1695 37,
229 1657 291 1694 47,
321 1658 361 1695 6,
387 1654 564 1687 Mommsen
591 1666 619 1687 a.
649 1666 677 1688 a.
706 1656 742 1690 Ο,
773 1656 826 1689 85.

147 1718 190 1724 -
215 1707 302 1739 tert„
335 1711 360 1732 5.
394 1711 420 1732 c.
448 1702 510 1741 33,
541 1703 576 1740 1,
607 1702 667 1734 35.
699 1703 759 1741 20,
787 1703 826 1743 ὃς

148 1748 210 1785 34,
245 1748 299 1779 55.
335 1764 368 1768 —
398 1758 500 1787 nunc,
542 1748 603 1787 31,
640 1748 702 1787 37,
727 1748 756 1780 6.
791 1765 827 1769 -

140 1794 392 1832 poezcz'ss.poss.,
418 1794 551 1832 c.22,3,
573 1791 755 1824 umscharf
769 1792 827 1824 der

150 1836 420 1878 Vergangenheit
455 1838 506 1870 die
533 1837 735 1879 Gegenwart
762 1838 827 1869 und

146 1882 295 1915 Zukunft
309 1883 646 1924 entgegenznstellen.
664 1901 709 1906 —
722 1887 826 1923 etiam,

147 1929 243 1964 noch,
270 1928 384 1960 immer
407 1929 501 1965 noch,
527 1940 552 1961 s.
578 1928 643 1961 Cic.
670 1929 765 1961 Yerr.
795 1930 825 1968 3,

148 1975 204 2015 23,
231 1975 290 2007 56:
315 1985 384 2006 cum
409 1976 465 2008 iste
489 1977 582 2008 etiam
608 1978 759 2014 cubaret‚·
783 1974 826 2006 ib.

149 2022 181 2059 5,
209 2020 263 2059 36,
290 2020 344 2053 95.
372 2037 415 2043 ——
441 2022 582 2053 iuberent
621 2021 704 2052 uach
728 2023 826 2059 vellet,

148 2075 172 2096 s.
201 2065 348 2105 39,14‚
376 2067 395 2099 5
418 2064 457 2106 f.;
495 2066 536 2098 ib.
563 2068 625 2107 24,
656 2069 674 2099 7
713 2077 743 2098 u.
778 2076 825 2106 a.;

148 2112 254 2142 iubere
279 2120 352 2142 vom
369 2111 492 2144 Senate
512 2112 694 2153 gebraucht
723 2114 749 2151 1,
771 2113 826 2151 49,

151 2158 189 2194 7ς
216 2157 246 2191 6,
277 2158 328 2196 14,
358 2159 393 2195 1;
420 2159 473 2197 10,
504 2159 554 2197 11,
574 2160 613 2196 4,
638 2160 692 2197 42,
714 2159 767 2196 33,
787 2159 826 2196 4;

147 2202 203 2239 29,
228 2204 258 2241 5,
287 2204 327 2242 63
352 2204 406 2242 26,
434 2203 487 2242 34,
517 2205 656 2236 6.—z‘n
681 2207 732 2236 ius
746 2205 826 2242 iud„

147 2257 173 2279 5.
203 2249 258 2285 41,
287 2248 340 2287 22,
367 2250 398 2287 4,
424 2249 491 2289 vgl.
523 2250 585 2288 36,
618 2251 676 2289 14,
706 2252 744 2288 9,
772 2251 826 2286 37,

148 2294 209 2332 45,
238 2294 276 2332 3,
305 2303 345 2324 zu
371 2295 432 2327 26-
461 2295 590 2334 33,12
617 2306 648 2328 u.
676 2296 739 2334 32,
774 2295 828 2335 33,

149 2339 181 2371 ὃ.
203 2355 249 2360 -
280 2340 348 2370 m'sc'
377 2339 467 2370 steht
502 2339 607 2371 selten
632 2350 693 2371 vor
717 2351 757 2372 ne
784 2357 826 2362 ——

148 2385 283 2424 quidem,
310 2384 519 2424 gew'ohnlich
545 2388 672 2426 sinon,
703 2387 755 2426 35,
774 2387 827 2424 54,

152 2431 210 2470 10;
235 2428 354 2461 anders
384 2431 444 2470 35,
480 2433 542 2470 46,
581 2432 631 2464 13.
657 2449 701 2453 -
726 2443 765 2464 ne
789 2433 827 2463 B.

147 2485 178 2515 q.
204 2477 320 2515 quiet„
352 2476 437 2506 auch
464 2494 506 2499 —
532 2475 640 2516 nicht,
678 2477 720 2508 da
744 2478 828 2509 auch

149 2520 253 2551 durch
280 2523 350 2562 eoqz'
371 2521 423 2552 die
448 2520 541 2554 Ruhe
579 2520 829 2563 herbeigefiihrt

147 2564 245 2597 wird.
264 2583 309 2588 —
332 2568 482 2608 utrobiq.,
510 2569 567 2609 27,
584 2570 639 2607 40,
659 2569 699 2610 23
723 2570 755 2609 6,
774 2571 829 2609 30,

896 1432 926 1462 6.
953 1446 990 1451 -—
1010 1440 1154 1469 procon„
1182 1429 1231 1460 als
1258 1428 1296 1459 ob
1324 1426 1434 1469 Scipio
1455 1427 1575 1458 beson-

896 1475 995 1506 deren
1022 1475 1146 1507 Werth
1184 1472 1306 1505 darauf
1337 1473 1449 1514 gelegt
1482 1472 1576 1503 h'zitte

896 1521 979 1551 noch
1003 1521 1053 1552 als
1079 1520 1201 1551 Consul
1220 1530 1260 1550 zu
1281 1518 1510 1560 triumphiren.
1534 1532 1575 1537 --

897 1569 930 1597 in
948 1578 1041 1608 may..
1073 1566 1154 1597 iiber
1171 1565 1223 1597 die
1249 1564 1375 1596 Y'dlker
1399 1564 1432 1595 111
1458 1562 1577 1595 Italien

895 1611 1114 1653 triumphiren
1155 1611 1207 1642 (lie
1256 1609 1400 1642 Consuln
1451 1608 1576 1640 ‹lamals

896 1658 980 1688 noch
1007 1655 1054 1688 oft
1081 1657 1113 1687 111
1139 1657 1243 1688 ihren]
1262 1654 1464 1695 Amtsjahre,
1493 1664 1518 1686 s.
1535 1664 1577 1685 zu

896 1704 950 1741 41,
980 1704 1030 1741 13,
1061 1704 1098 1741 63
1129 1702 1306 1734 Mommsen
1332 1711 1361 1732 a.
1387 1710 1416 1732 a.
1436 1699 1475 1734 Ο.
1503 1700 1576 1732 108.

897 1765 941 1770 -
983 1750 1261 1788 triumphaverunt
1313 1747 1357 1778 ist
1407 1745 1459 1777 die
1506 1745 1576 1776 hds.

897 1793 1028 1835 Lesart‚
1057 1805 1082 1826 s.
1108 1804 1149 1825 zu
1174 1796 1228 1832 37,
1258 1794 1312 1832 34,
1337 1794 1368 1825 6.

941 1837 1012 1877 40.
1041 1841 1137 1872 1—3.
1158 1850 1256 1880 neque
1273 1856 1318 1860 —
1337 1848 1412 1879 esse,
1437 1846 1473 1868 er
1489 1835 1576 1867 habe

896 1884 989 1916 nicht
1029 1885 1150 1917 einmal
1198 1885 1256 1916 das
1297 1883 1403 1915 flecht
1452 1880 1586 1923 gehabt'

897 1932 981 1962 nach
1020 1930 1177 1972 Ligurien
1215 1941 1255 1961 zu
1293 1930 1412 1970 gehen,
1447 1925 1468 1968 ξ
1517 1928 1575 1960 14;

897 1979 1000 2009 alieno
1026 1979 1111 2009 bello.
1136 1994 1176 1999 —
1199 1978 1274 2018 Le'q,
1292 1986 1399 2015 prov„
1424 1984 1450 2005 s.
1470 1975 1501 2011 7,
1523 1973 1575 2011 11,

897 2024 926 2055 2.
953 2040 998 2044 -—
1022 2025 1068 2054 ait
1092 2033 1191 2063 neque
1224 2039 1266 2044 —
1302 2031 1422 2061 mque,
1456 2029 1482 2050 S.
1520 2018 1575 2057 21,

896 2070 929 2110 9,
958 2069 996 2106 3;
1025 2070 1078 2108 37,
1108 2070 1159 2103 19,
1185 2069 1199 2100 1
1227 2078 1258 2098 u.
1284 2076 1313 2099 a.
1354 2065 1421 2096 Der
1445 2062 1577 2104 Gegen-

896 2118 969 2146 satz
995 2125 1035 2146 zu
1061 2124 1161 2155 reque
1183 2123 1253 2144 eum
1270 2114 1385 2153 ἱέμην.
1406 2128 1452 2132 —
1464 2115 1576 2149 postu-

897 2162 963 2191 lare
991 2158 1076 2200 folgt
1100 2159 1133 2190 in
1158 2170 1189 2190 se
1215 2161 1251 2190 de
1278 2159 1381 2189 Gallis
1405 2159 1480 2193 etc„
1503 2164 1576 2186 was

897 2205 1047 2246 zugleich
1068 2204 1138 2236 dem
1157 2202 1438 2244 eingeschobenen
1456 2200 1574 2232 Satze:

897 2251 933 2288 Q.
959 2253 1142 2283 Minucium
1168 2267 1210 2272 ——-
1238 2260 1302 2281 esse
1326 2246 1459 2289 (Minue.
1488 2245 1575 2277 viel-

895 2297 998 2334 mehr)
1044 2294 1324 2336 gegeniibersteht
1363 2293 1427 2324 und
1472 2290 1576 2323 durch

897 2342 1009 2373 diesen
1034 2341 1183 2382 gehoben
1207 2340 1303 2371 wird.
1330 2357 1376 2362 —
1402 2340 1504 2371 Gallis
1522 2338 1573 2376 B.‚

898 2387 966 2428 vgl.
993 2388 1054 2426 37,
1082 2389 1142 2425 57,
1170 2388 1208 2423 S,
1234 2387 1295 2424 34,
1333 2386 1395 2424 46,
1434 2385 1469 2417 1:
1505 2393 1577 2414 cum

899 2435 1001 2466 Gallie
1017 2433 1207 2464 Insubribus
1234 2438 1261 2464 et
1285 2433 1370 2463 Bois.
1399 2446 1442 2452 —
1467 2430 1573 2467 biduo,

898 2490 924 2510 c.
954 2479 1008 2517 38,
1037 2480 1072 2511 7:
1102 2480 1261 2517 extemplo.
1312 2495 1340 2499 —
1360 2478 1495 2518 piqmcs,
1521 2474 1577 2511 33,

944 2571 1045 2603 4—5.
1069 2580 1177 2602 verum
1201 2580 1250 2601 en.
1275 2580 1315 2608 v.,
1341 2569 1372 2608 4,
1396 2569 1428 2607 4,
1455 2568 1494 2605 93
1523 2564 1578 2606 37,

1442 920 1501 958 Ad
1532 931 1575 958 ea
1593 918 1654 958 40
