1747 2841
101 142 127 160 a.
148 133 198 161 ch.
217 133 277 161 192.

524 132 650 166 LIBER
676 132 827 168 XXXV.

859 133 951 166 CAP.
978 134 1031 168 30.
1056 135 1109 167 31.
1466 134 1523 176 49

100 237 258 289 piebant
286 248 349 284 se3
380 235 508 287 p1imo
539 248 713 287 vespere,
739 242 781 276 ut
807 236 954 275 lumina
983 235 1024 275 in
1056 235 1188 274 castiis
1220 235 1391 275 hostium
1423 248 1520 275 con—

100 305 239 346 spexe1
241 305 274 340 e,
297 305 317 332 e
339 292 498 344 regione
521 304 658 331 eorum
677 292 837 332 occultis
858 292 1004 332 semitis
1021 304 1062 330 sc
1074 298 1211 330 tenue1
1216 298 1304 336 unt
1328 292 1393 330 ubi
1405 304 1452 342 p1
1454 306 1519 332 ae·
1543 302 1581 335 11

101 349 223 401 gressi
251 361 293 388 ea
324 354 426 394 sunt,
447 349 523 387 iam
544 355 670 388 tutum
696 349 765 388 lati
785 349 825 388 in
848 348 1011 411 patentis
1035 348 1114 386 vias
1138 348 1351 386 descendet
1355 355 1435 387 unt
1469 349 1521 388 ibi

100 405 250 456 excepti
280 404 326 444 ab
354 404 546 444 insidente
575 405 686 444 hoste
716 404 860 456 passim
889 404 939 444 ita
966 403 1075 442 multi
1097 404 1196 442 caesi
1218 404 1396 455 captique
1416 412 1519 451 sunt,

101 467 144 501 ut
162 462 225 500 vix
247 467 383 513 quarta
402 473 492 512 pars
514 461 561 499 de
587 467 666 500 toto
688 461 859 500 exercitu
869 460 1040 500 evaserit.
1069 460 1353 511 Philopoemen
1367 460 1519 499 incluso
1542 464 1582 496 12

98 524 266 570 tyranno
296 517 337 557 in
359 517 496 556 urbem
520 517 760 568 insequentis
783 517 864 556 dies
884 529 1008 568 prope
1029 516 1182 567 triginta
1204 516 1396 556 vastandis
1419 517 1519 567 agris

99 573 300 613 Laconum
321 573 548 625 absumpsit,
569 573 850 624 debilitatisque
870 584 913 611 ac
927 585 1050 624 prope
1067 573 1197 611 fractis
1209 573 1361 623 tyranni
1372 573 1519 612 viribus

100 631 262 670 domum
289 630 412 676 rediit,
438 629 694 680 aequantibus
710 642 800 668 eum
816 629 935 680 gloria
961 641 1094 668 rerum
1109 629 1271 668 Achaeis
1294 629 1519 679 imperatori

97 686 289 733 Romano,
320 693 357 726 et
377 686 483 737 quod
506 686 552 725 ad
582 686 784 725 Laconum
807 685 953 725 bellum
986 685 1176 733 attineret,
1207 685 1518 736 praeferentibus
1543 695 1584 727 13

99 742 226 782 etiam.

211 799 313 838 Dum
344 799 444 837 inter
466 798 639 838 Achaeos
662 804 698 836 et
722 804 934 849 tyrannum
953 797 1098 836 bellum
1121 803 1212 844 erat,
1242 798 1353 849 legati
1373 798 1520 837 Roma·
1540 796 1597 837 31

98 867 243 894 norum
267 854 431 894 circuire
451 855 648 894 sociorum
665 853 790 893 *urbes
811 854 971 900 solliciti,
1003 866 1051 893 ne
1074 854 1198 892 Aetoli
1219 854 1338 905 partis
1359 854 1520 893 alicuius

96 911 248 950 animos
281 911 327 949 ad
357 911 593 950 Antiochum
625 911 864 949 avertissent.
904 910 1112 950 minimum
1135 923 1275 961 operae
1295 911 1335 949 in
1358 911 1520 950 Achaeis
1538 914 1559 946 2

97 967 286 1007 adeundis
309 973 653 1018 consumpserunt,
684 979 796 1017 quos,
821 968 910 1018 quia
932 966 1069 1006 Nabidi
1088 967 1218 1005 infesti
1237 972 1356 1014 erant,
1386 967 1431 1006 ad
1454 980 1518 1006 ce-

97 1031 179 1063 tera
209 1035 368 1074 quoque
396 1023 485 1062 satis
516 1023 614 1061 fidos
645 1023 856 1062 censebant
883 1036 979 1062 esse.
1020 1023 1192 1062 Athenas
1214 1023 1399 1074 primum,
1429 1023 1520 1062 inde
1540 1030 1560 1060 3

97 1079 329 1125 Chalcidem,
352 1079 442 1118 inde
461 1080 502 1118 in
512 1079 749 1118 Thessaliam
770 1080 861 1126 iere,
885 1080 1131 1130 adlocutique
1150 1079 1314 1118 concilio
1327 1080 1521 1130 frequenti

97 1136 303 1175 Thessalos
323 1136 605 1175 Demetriadem
630 1136 702 1174 iter
723 1137 876 1175 flexere.
918 1148 962 1174 eo
983 1136 1205 1187 Magnetum
1227 1136 1435 1174 concilium
1455 1136 1519 1174 in-

97 1192 243 1232 dictum
270 1197 338 1231 est.
375 1192 589 1231 accuratior
618 1191 672 1231 ibi
702 1192 877 1232 habenda
908 1193 1029 1231 oratio
1054 1192 1137 1238 fuit,
1170 1192 1275 1242 quod
1295 1204 1385 1243 pars
1408 1192 1518 1243 prin-
1539 1199 1561 1231 4

94 1328 262 1369 quisquam
297 1344 342 1349 —
375 1327 535 1367 iudicabit,
567 1325 634 1366 vgl.
661 1335 687 1356 c.
720 1327 772 1365 14,

95 1374 125 1406 3.
151 1390 194 1394 —
216 1382 266 1410 pr.
289 1383 383 1412 vesp„
424 1370 517 1402 Caes.
543 1370 576 1402 Β.
599 1370 633 1405 C,
659 1371 690 1410 2,
717 1371 772 1408 43,

95 1420 184 1457 1;.s.
210 1416 245 1448 L.
272 1417 326 1458 36,
356 1418 410 1457 29,
437 1419 469 1450 5.
494 1433 538 1438 --
562 1427 586 1448 e.
612 1427 691 1457 req„
716 1417 771 1455 26,

95 1465 133 1502 5,
165 1463 184 1496 8
210 1473 240 1494 u.
269 1472 318 1503 a.‚
355 1462 441 1494 auch
463 1464 607 1503 reqione,
632 1461 696 1492 wie
721 1460 773 1492 die

94 1508 204 1540 Bamh.
225 1507 278 1539 Hs.
297 1508 368 1548 hat,
391 1507 533 1538 braucht
549 1505 597 1547 L.,
623 1517 648 1538 s.
667 1507 698 1545 3,
719 1507 774 1548 66,

95 1556 133 1592 ὃς
159 1554 214 1593 31,
242 1554 296 1593 26,
327 1555 362 1593 13
389 1554 442 1594 33,
472 1554 523 1592 17,
542 1553 572 1585 6.
595 1570 639 1573 —
656 1554 775 1584 semitis

92 1598 310 1631 verschieden
350 1608 415 1629 von
455 1597 517 1628 den
553 1595 771 1638 Bcrgpfaden,

92 1646 233 1677 vallibus.
261 1662 305 1666 -—
323 1644 516 1685 praem-essi,
542 1653 567 1674 s.
597 1644 626 1682 1,
651 1644 706 1681 45,
733 1643 772 1682 6;

94 1691 149 1728 29,
187 1690 242 1728 32,
277 1690 307 1723 8.
344 1706 389 1710 —-
422 1700 468 1729 ea,
495 1688 547 1727 da,
577 1689 631 1728 32,
661 1689 712 1726 17,
738 1689 770 1727 4,

94 1735 163 1776 vgl.
188 1735 242 1774 36,
273 1736 324 1774 16,
351 1735 382 1767 8.
397 1735 609 1766 —in'sideme
626 1732 771 1773 absolut,

94 1780 177 1812 doch
201 1779 246 1811 ist
263 1782 387 1820 passim
405 1779 471 1810 wol
499 1778 601 1810 damit
627 1788 668 1809 zu
692 1788 771 1810 vei-

94 1825 231 1865 binden3
276 1825 357 1857 iiber
395 1824 447 1856 die
471 1823 714 1864 Nachstellung
746 1834 772 1855 s.

95 1882 122 1903 c.
152 1872 208 1911 31,
235 1871 273 1910 S,
298 1872 354 1911 40,
380 1870 433 1910 37,
461 1872 499 1908 ὃς
522 1879 562 1900 zu
588 1870 641 1909 32,
670 1869 773 1907 31,6.

96 1933 140 1939 —
162 1920 218 1955 ita,
238 1915 271 1946 iu
298 1926 334 1947 so
359 1914 441 1947 weit
465 1914 563 1955 vicie,
589 1914 623 1945 in
642 1913 775 1946 solcher

95 1961 225 2003 Mengc,
251 1960 394 1993 bereitet
421 1970 484 1992 nur
509 1960 567 1992 das
587 1958 682 2000 Folg.
701 1969 773 1992 vor.

95 2025 140 2030 —
163 2009 289 2048 capciq„
314 2016 340 2038 e.
365 2007 420 2045 29,
447 2007 478 2039 7.
515 2024 552 2028 -
590 2008 626 2037 in
652 2007 772 2045 urbem,

95 2064 120 2085 s.
154 2054 208 2095 38,
233 2053 288 2092 42,
314 2053 353 2092 93
380 2052 433 2093 36,
464 2052 515 2091 16,
543 2053 572 2084 5.
600 2069 635 2073 -
661 2053 772 2091 imper.

93 2100 185 2131 Rom.
218 2097 306 2129 kann
345 2107 406 2128 nur
432 2095 606 2138 Quinctius
635 2095 718 2136 sein,
745 2106 773 2128 c.

93 2146 157 2185 47,
183 2145 223 2182 4,
253 2143 311 2175 der
342 2142 387 2174 im
413 2142 610 2182 vorhcrgeh.
638 2139 774 2182 Hriege‚

95 2189 157 2230 34,
195 2189 238 2221 2⁴3
257 2188 309 2228 ffi,
347 2187 497 2228 wcniger
532 2196 637 2228 gegen
670 2185 774 2219 Nabis

95 2233 326 2276 ausgerichtet
345 2233 458 2272 hatte;
485 2232 536 2264 die
557 2232 774 2274 Bemerkuug,

95 2280 171 2312 dass
208 2278 260 2310 dic
296 2277 427 2310 Thaten
465 2277 520 2310 des
553 2279 634 2310 ro'm.
672 2276 773 2309 Feld-

95 2326 195 2357 herrn
232 2324 284 2355 ‹lie
320 2322 434 2355 friihcr
465 2323 637 2355 erzahlten
670 2323 772 2364 scien,

95 2370 302 2402 anzudeuten
340 2368 469 2400 schcint
511 2367 549 2402 L.
589 2368 680 2399 nicht
719 2367 775 2400 fiir

95 2415 212 2457 niithig
255 2414 410 2456 gehalten
453 2424 493 2445 zu
534 2413 661 2453 haben,
706 2413 775 2455 vgl.

95 2460 210 2494 lustin.
222 2462 277 2502 31,
294 2461 325 2500 3,
343 2462 382 2494 4:
400 2462 490 2492 ouius
503 2461 538 2490 in
551 2470 584 2491 eo
597 2460 673 2491 belzo
686 2466 777 2492 tama

97 2509 203 2539 virtus
230 2507 363 2547 enituit,
406 2512 442 2538 ut
466 2506 613 2545 opinione
637 2508 777 2537 omnium

97 2553 282 2585 Flaminino
305 2553 449 2584 Romano
472 2552 660 2590 imperatori
694 2562 778 2583 com-

179 2611 236 2638 Tit.
255 2611 316 2638 Liv.
336 2610 412 2638 VIII.

836 1333 1014 1365 pararetur
1022 1338 1036 1367 ,·
1061 1325 1147 1357 Plut.
1163 1324 1292 1367 Philop.
1320 1327 1358 1358 15
1372 1336 1404 1357 u.
1416 1324 1442 1356 F
1445 1325 1520 1357 lam.

847 1372 885 1403 13
930 1371 989 1402 hat
1026 1371 1087 1402 den
1128 1375 1238 1402 ersten
1280 1371 1346 1402 und
1378 1370 1520 1403 zweitcn

842 1414 947 1457 Hrieg
971 1416 1061 1448 nicht
1085 1415 1349 1448 unterschieden.
1375 1434 1419 1438 —
1439 1418 1525 1457 quod

841 1468 919 1503 att.,
948 1462 1002 1502 23,
1029 1463 1082 1499 25,
1110 1463 1147 1494 3:
1172 1460 1373 1502 wcnigsteus
1398 1461 1432 1492 in
1458 1461 1520 1493 Be-

842 1506 984 1547 zichung
1016 1518 1045 1538 u.
1082 1517 1108 1538 s.
1135 1516 1197 1546 w.‚
1234 1507 1316 1538 ohne
1341 1506 1523 1538 Riicksicht

842 1550 903 1583 auf
925 1552 994 1591 das,
1020 1561 1089 1584 was
1116 1551 1291 1593 Quinctius
1317 1561 1423 1592 gegen
1441 1550 1522 1583 Phi-

841 1597 949 1640 lippus
976 1597 1099 1638 gethan
1123 1597 1229 1628 hatte.
1263 1615 1307 1620 —
1340 1599 1457 1629 lacon.
1484 1599 1522 1637 b.,

842 1653 870 1674 c.
896 1644 951 1682 47,
980 1645 1023 1681 43
1053 1644 1103 1683 14,
1132 1644 1168 1682 13
1198 1644 1252 1682 37,
1280 1643 1335 1683 49,
1359 1643 1378 1674 2
1403 1653 1434 1674 u.
1460 1652 1490 1675 a.

888 1684 1066 1724 31—33.
1091 1687 1151 1719 Die
1182 1686 1441 1719 Gesandtschaft
1466 1688 1525 1720 der

841 1732 961 1765 Romer
985 1733 1018 1764 in
1045 1732 1298 1765 Griechenland.
1347 1731 1434 1766 Plut.
1455 1732 1522 1765 Tit.

845 1781 896 1812 15.

891 1825 988 1857 1—3.
1023 1827 1099 1857 dum
1120 1841 1163 1845 —
1192 1829 1271 1865 erat,
1303 1824 1354 1863 10,
1386 1824 1440 1864 36,
1472 1824 1523 1857 16.

842 1887 886 1892 -
905 1872 1009 1912 Zeqaci,
1028 1880 1054 1901 c.
1079 1870 1133 1908 23,
1157 1871 1185 1902 5.
1205 1886 1249 1890 —
1268 1871 1412 1905 circuire,
1438 1879 1465 1902 S.
1493 1878 1522 1903 c,

842 1916 906 1955 49,
938 1917 975 1956 1,
1003 1925 1057 1946 um
1085 1915 1170 1946 auch
1194 1914 1296 1945 durch
1322 1913 1374 1946 die
1400 1913 1522 1945 wort-

843 1959 927 1992 form
953 1961 1010 1992 das
1033 1958 1242 2001 geschaftige
1260 1958 1339 1990 Hin-
1357 1959 1423 1990 und
1440 1958 1524 1991 Her-

843 2006 947 2046 gehen
986 2006 1134 2045 (sollicita)
1166 2015 1207 2036 zu
1242 2004 1462 2045 bezeichnen,
1497 2015 1523 2036 s.

846 2052 876 2091 3,
915 2052 966 2088 17,
1004 2052 1064 2091 103
1106 2052 1157 2090 10,
1186 2051 1239 2090 36,
1273 2052 1326 2083 14.
1353 2053 1526 2089 -partis

844 2099 904 2138 aL,
944 2105 1061 2137 wegen
1086 2098 1208 2128 animos
1236 2095 1281 2126 ist
1305 2105 1347 2126 au
1371 2094 1424 2127 die
1448 2098 1528 2128 socii

843 2141 949 2174 selbst
976 2152 1016 2173 zu
1044 2141 1190 2181 denken·‚
1229 2140 1311 2172 iiber
1334 2143 1471 2173 alicuius
1495 2151 1524 2173 s.

844 2189 905 2227 26,
942 2189 980 2227 5,
1008 2188 1038 2219 7.
1063 2205 1108 2209 -
1132 2189 1294 2225 avertis-⁹„
1328 2185 1452 2218 bereits
1479 2203 1527 2208 —-

843 2233 973 2273 hatten,
997 2243 1022 2263 s.
1050 2233 1104 2272 27,
1131 2234 1186 2271 47,
1216 2233 1247 2271 7,
1273 2242 1303 2263 n.
1329 2243 1349 2263 a
1371 2243 1414 2271 se,
1444 2231 1527 2263 oder

842 2290 862 2311 a
885 2280 1028 2310 societate
1040 2279 1270 2315 Romanorum,
1295 2287 1320 2308 s.
1350 2278 1378 2317 1,
1397 2277 1448 2317 12,
1472 2278 1524 2317 10,

843 2323 911 2364 vgl.
937 2324 991 2365 27,
1029 2324 1079 2363 17,
1106 2323 1136 2355 2.
1161 2339 1206 2344 -
1229 2323 1275 2354 ad
1295 2328 1362 2362 oet„
1388 2320 1442 2354 fiir
1471 2321 1523 2354 die

844 2368 981 2409 iibrigcn
1025 2367 1277 2409 Verhiiltnisse,
1318 2367 1379 2400 den
1421 2365 1525 2408 Krieg

845 2414 904 2446 mit
927 2413 1122 2446 Antiochus.
1147 2431 1191 2436 —
1215 2415 1366 2454 Demetr„
1397 2414 1450 2453 31,
1470 2414 1526 2454 24,

847 2462 885 2500 13
910 2470 954 2499 eo,
985 2469 1014 2490 c.
1039 2460 1093 2498 27,
1123 2460 1173 2492 11.

893 2506 992 2537 4-5,
1025 2507 1222 2543 accuratior,
1255 2513 1401 2545 genauer
1425 2502 1526 2535 iiber-

848 2550 968 2593 dacht,
992 2551 1057 2589 26,
1085 2552 1147 2591 50,
1178 2550 1216 2588 33
1244 2551 1304 2590 42,
1331 2551 1394 2590 45,
1429 2551 1469 2588 23
1496 2558 1525 2580 c.

1261 2608 1281 2639 4
