1747 2841
213 136 299 179 274

630 134 756 167 LIBER
782 132 979 167 XXXVIII.
1011 132 1104 167 CAP.
1130 136 1161 169 5.
1184 136 1216 169 6.

213 247 299 280 tore
328 239 568 285 Aetolorum,
598 250 668 277 seu
700 238 789 288 quia
821 237 952 289 potius
983 239 1112 278 visum
1143 244 1201 278 est
1220 238 1489 290 Amphilochis
1519 251 1650 291 nuper

215 297 380 349 receptis
402 297 507 335 ferre
528 307 656 346 opem,
677 306 778 345 quos
798 294 978 342 Perseus,
1006 295 1173 347 Philippi
1192 296 1307 343 filius,
1330 296 1473 335 missus
1497 296 1545 335 ad
1566 297 1648 336 Do-

169 357 197 398 6
215 354 360 406 lopiam
371 352 731 404 Amphilochosque
755 351 1013 403 recipiendos,
1033 364 1187 391 summa
1208 352 1245 391 vi
1267 352 1528 404 oppugnabat.
1559 353 1650 392 Tri-
1669 385 1674 389 .
1736 371 1747 401 -Δ

216 411 290 451 bus
318 410 434 457 locis,
464 409 564 447 sicut
590 414 679 447 ante
708 408 855 446 dictum
886 414 955 455 est,
994 408 1042 447 ad
1071 409 1293 460 Pyrrheum
1323 422 1440 460 opera
1470 410 1649 449 Romana

218 473 338 514 erant,
370 478 470 517 quae
496 465 628 504 omnia
657 465 786 512 simul,
816 464 883 503 sed
912 477 986 503 nec
1015 471 1201 516 apparatu
1221 478 1294 505 nec
1315 466 1353 505 vi
1374 466 1501 513 simili,
1526 466 1651 506 Aetoli

177 534 198 566 2
217 523 390 576 adgressi
413 527 527 561 sunt:
556 522 617 561 alii
646 534 738 560 cum
768 521 995 561 ardentibus
1021 522 1183 569 facibus,
1212 522 1276 561 alii
1297 528 1479 574 stuppam
1499 523 1650 574 picem·-

219 594 295 632 que
319 586 356 619 et
377 578 576 619 malleolos
598 580 780 625 ferentes,
800 584 878 617 tota
902 578 1117 617 collucente
1143 579 1310 618 flammis
1330 579 1422 627 acie,
1445 579 1650 618 advenere.

179 642 198 673 3
218 637 363 677 multos
394 636 524 687 primo
554 635 703 686 impetu
735 635 917 674 custodes
949 641 1254 686 oppresserunt;
1301 635 1409 683 dein,
1442 642 1652 688 postquam

218 695 366 733 clamor
390 692 662 743 tumultusque
691 692 732 730 in
763 697 887 731 castra
918 697 976 731 est
1005 692 1175 743 perlatus
1207 692 1420 743 datumque
1450 706 1472 731 a
1490 693 1652 732 consule

218 751 388 802 signum,
407 761 516 788 arma
541 749 699 800 capiunt
720 754 758 787 et
777 747 961 788 omnibus
982 749 1105 799 portis
1117 749 1164 787 ad
1177 760 1293 800 opem
1306 749 1508 787 ferendam
1520 750 1652 788 effun—

178 810 201 842 4
220 808 380 847 duntur.
408 818 489 845 uno
505 806 545 844 in
565 806 651 844 loco
673 807 778 844 ferro
799 805 958 856 ignique
980 811 1083 856 gesta
1106 818 1190 852 res;
1211 805 1258 844 ab
1282 805 1438 844 duobus
1460 806 1568 845 irrito
1588 806 1653 844 in—

219 869 344 916 cepto,
375 875 466 902 cum
496 868 750 913 temptassent
780 862 901 913 magis
933 873 1053 913 quam
1082 862 1248 901 inissent
1277 868 1495 910 certamen,
1527 862 1652 902 Aetoli

180 924 200 956 5
218 921 514 966 abscesserunt3
546 924 657 958 atrox
688 931 819 970 pugna
842 919 883 957 in
911 931 1038 957 unum
1058 919 1310 958 inclinaverat
1330 919 1474 958 locum.
1516 919 1570 958 ibi
1591 919 1652 958 di-

219 978 343 1017 versis
381 976 555 1028 partibus
582 976 661 1015 duo
689 976 808 1015 duces
839 976 1082 1026 Eupolemus
1113 982 1151 1014 et
1180 975 1417 1015 Nicodamus
1444 976 1653 1027 pugnantis

218 1034 475 1074 hortabantur
495 1038 532 1071 et
552 1044 677 1084 prope
699 1038 803 1072 certa
824 1032 1009 1072 fovebant
1028 1045 1098 1083 spe
1119 1033 1196 1071 iam
1208 1033 1451 1072 Nicandrum
1473 1045 1521 1071 ex
1540 1045 1652 1072 com-

179 1107 199 1139 6
218 1091 346 1143 posito
371 1091 507 1129 adfore
538 1094 574 1127 et
604 1095 708 1140 terga
731 1089 905 1128 hostium
923 1090 1166 1128 invasurum.
1215 1089 1311 1128 haec
1330 1102 1393 1128 res
1416 1089 1653 1140 aliquamdiu

218 1148 370 1187 animos
411 1146 672 1197 pugnantium
711 1146 916 1193 sustinuit3
960 1152 1154 1193 ceterum,
1193 1152 1402 1197 postquam
1426 1147 1579 1185 nullum
1606 1158 1653 1185 ex

218 1203 436 1255 composito
465 1203 619 1253 signum
651 1215 672 1241 a
698 1203 779 1241 suis
809 1202 1049 1254 accipiebant
1078 1209 1115 1241 et
1143 1215 1318 1241 crescere
1339 1215 1553 1242 numerum
1578 1203 1653 1241 ho«

178 1269 200 1302 7
219 1262 338 1301 stium
369 1259 592 1307 cernebant,
622 1259 793 1298 destituti
821 1259 979 1310 segnius
1008 1259 1175 1306 11151111·ος
1207 1265 1407 1310 postremo
1436 1272 1479 1298 re
1510 1260 1653 1298 omissa

217 1319 296 1358 iam
336 1318 401 1356 vix
426 1322 508 1356 tuto
537 1322 698 1367 receptu
727 1316 922 1367 fugientes
951 1316 993 1354 in
1024 1315 1163 1355 urbem
1193 1316 1502 1367 compelluntur,
1545 1322 1654 1367 parte

218 1386 385 1427 operum
414 1374 573 1413 incensa
599 1379 636 1412 et
656 1373 835 1424 pluribus
857 1373 1066 1424 aliquanto,
1096 1385 1215 1424 quam
1234 1373 1309 1424 ipsi
1330 1373 1560 1420 ceciderant,
1590 1373 1654 1412 in-

218 1534 323 1573 copias
347 1533 410 1572 24,
435 1532 490 1572 46,
526 1532 565 1570 33
601 1537 772 1571 tero-orem,
815 1540 901 1569 spem

218 1581 382 1610 admovere
396 1588 428 1608 u.
450 1577 480 1608 ii.
494 1594 538 1598 —
556 1577 701 1617 Perseus,
722 1577 776 1615 31,
793 1576 848 1614 28,
869 1577 899 1607 5.

218 1642 264 1647 —
280 1625 451 1663 recipiend.
472 1622 555 1653 nach
570 1624 700 1661 receptis
725 1620 792 1652 wol
818 1622 900 1652 ohne

219 1670 370 1702 Absicht.
398 1686 443 1691 —-
471 1678 621 1709 oppwn„
648 1668 701 1707 36,
730 1669 760 1706 7,
788 1669 817 1699 7.

267 1712 305 1752 6.
334 1716 432 1747 1-5.
457 1725 529 1746 oum
542 1714 696 1753 ardfao„
717 1712 783 1743 wie
794 1712 899 1756 ἔχον-

219 1773 288 1803 τες,
314 1759 500 1802 cntspricht
515 1761 680 1801 ferentes,
707 1769 732 1790 s.
760 1760 814 1797 35,
844 1759 898 1797 27,

222 1810 261 1847 53
292 1806 583 1847 ib.34,7;29‚
614 1805 819 1845 19,12;9,
849 1805 901 1844 16,

221 1854 260 1894 3;
285 1852 352 1883 Cic.
373 1851 467 1882 Caec.
496 1852 527 1889 9,
553 1852 613 1883 25:
638 1861 709 1882 cum
723 1851 820 1890 ferro
847 1852 901 1880 in-

218 1902 351 1936 vadere,·
385 1896 414 1928 V
419 1896 518 1927 itruv.
544 1897 575 1933 2,
602 1898 633 1936 8,
659 1898 697 1928 4:
723 1906 792 1927 cum
813 1898 901 1926 ansis

209 1946 336 1986 ferreis
363 1961 406 1964 —
436 1943 561 1981 frontes
593 1944 716 1973 vinctae
746 1947 830 1973 sunt.
858 1958 901 1964 —-

218 1991 363 2028 mahol„
388 1989 443 2026 42,
469 1989 523 2027 64,
551 1988 591 2028 33
620 1986 744 2018 Nonius
764 1997 793 2028 p.
816 1988 899 2019 556:

218 2038 372 2074 malleoli,
407 2035 572 2072 manipuli
591 2035 712 2072 spartei
731 2036 803 2072 pice
827 2043 900 2064 con-

218 2083 307 2121 tecti,
343 2081 404 2121 qui
430 2081 554 2111 incensi
574 2085 631 2111 aut
655 2081 690 2110 in
715 2089 822 2110 muros
846 2084 901 2109 aut

219 2129 256 2158 in
295 2128 466 2158 testudines
506 2127 678 2156 iaciuntur.
703 2142 746 2147 —
778 2126 901 2161 oollae„

220 2175 253 2212 4,
279 2173 333 2212 33,
358 2173 395 2204 2:
420 2173 588 2203 multitudo
605 2172 738 2211 facibus
756 2176 821 2202 tota
840 2171 901 2200 col-

221 2221 340 2251 lucens.
368 2236 407 2239 —
435 2223 556 2257 eastra,
583 2216 634 2248 dic
660 2216 732 2248 eine
759 2215 898 2246 Streckc

220 2264 330 2295 davon
354 2261 500 2294 entfernt
525 2261 608 2302 511111,
637 2272 663 2294 c.
690 2264 719 2296 5.,
750 2264 778 2294 7.
798 2279 835 2283 -
850 2272 900 2292 ca-

213 2312 331 2349 pium,
371 2308 422 2339 die
460 2308 618 2340 Soldaten
652 2307 695 2338 im
717 2307 833 2348 Lagcr.
856 2324 900 2329 —

214 2362 302 2395 port.
322 2373 366 2377 ——
384 2356 449 2395 eff„
465 2364 490 2385 s.
504 2364 531 2385 e.
555 2354 900 2393 18,6;35,11,4.—

220 2412 286 2432 uno
310 2403 345 2432 in
370 2402 432 2431 loco
454 2398 537 2431 fehlt
561 2398 594 2430 in
620 2399 679 2430 der
699 2398 808 2430 Bamb.
826 2397 900 2439 115.;

220 2456 318 2478 wenn
354 2446 439 2477 auch
472 2456 512 2476 1111
551 2445 608 2476 der
634 2443 900 2483 &Viederholung

222 2494 255 2523 in
283 2503 386 2524 unum
413 2494 468 2523 loo.
495 2490 570 2521 kein
597 2491 736 2522 Anstoss
757 2501 797 2521 zu
817 2489 898 2520 11011-

221 2547 293 2569 men
320 2538 382 2577 ist,
410 2548 435 2568 5.
463 2547 489 2567 c.
517 2538 546 2569 7.
574 2539 612 2569 4:
639 2537 693 2571 35,
721 2537 775 2576 29,
802 2536 841 2576 2;
867 2537 898 2574 7,

221 2584 277 2623 22,
300 2582 347 2616 lf.
369 2594 398 2614 u.
420 2594 460 2615 0..
483 2592 519 2613 50
534 2586 621 2613 sctzt
637 2582 720 2612 doch
745 2583 902 2613 inclinare

971 1532 1006 1561 in
1040 1541 1096 1561 me.
1122 1532 1177 1561 loc.
1203 1540 1344 1571 voi-aus,
1382 1529 1457 1561 dass
1483 1527 1544 1561 auf
1563 1529 1651 1561 allen

971 1574 1122 1607 Punkten
1158 1576 1282 1606 vorher
1313 1574 1483 1616 gekiimpft
1517 1575 1653 1607 worden

970 1620 1030 1659 sei,
1058 1631 1093 1652 so
1119 1622 1195 1653 dass
1220 1633 1286 1653 uno
1314 1624 1349 1652 in
1373 1624 1436 1652 loco
1453 1620 1653 1653 schwerlich

971 1666 1094 1707 richtig
1121 1666 1181 1708 ist;
1222 1665 1300 1698 fallt
1325 1666 1406 1698 aber
1431 1666 1538 1698 dieses
1564 1676 1650 1707 weg,

969 1722 1006 1743 so
1040 1711 1125 1744 fehlt
1149 1713 1207 1744 das
1232 1712 1429 1743 Suhstantiv
1453 1722 1494 1744 zu
1518 1714 1650 1753 duobm,

971 1757 1012 1789 da
1061 1768 1118 1789 aus
1168 1758 1239 1789 dem
1280 1756 1358 1798 folg.
1409 1760 1511 1789 locum
1561 1757 1652 1789 nicht

971 1803 1039 1834 wol
1081 1806 1155 1835 locis
1194 1803 1335 1844 ergiinzt
1371 1803 1505 1835 werden
1543 1803 1652 1845 kann;

972 1848 1107 1880 deshalb
1132 1849 1218 1880 wird
1245 1859 1345 1881 verm.
1371 1849 1447 1880 dass
1472 1849 1579 1881 dieses
1600 1849 1653 1881 od.

972 1897 1117 1934 operibus
1142 1894 1350 1935 ausgefallen
1375 1894 1433 1927 sei.
1456 1913 1491 1916 —
1523 1897 1654 1936 Eupol„

970 1951 996 1972 c.
1026 1943 1056 1979 4,
1083 1942 1112 1974 S.
1133 1959 1177 1963 —-—
1193 1941 1313 1981 foveb„
1340 1941 1425 1972 auch
1451 1941 1535 1972 dazu
1562 1940 1651 1972 kann

963 1989 1143 2028 puqnantis
1163 1985 1283 2027 Object
1308 1986 1390 2026 sein,
1416 1996 1443 2021 5,
1461 1985 1539 2018 Tac.
1559 1985 1598 2018 Η.
1619 1987 1651 2025 3,

970 2033 1030 2072 833
1055 2035 1195 2072 populus
1222 2034 1277 2064 laos
1296 2043 1413 2064 rursus
1430 2034 1503 2064 illos
1519 2035 1653 2065 clamore

968 2084 996 2109 et
1017 2080 1306 2120 plazcsufovebat;
1330 2076 1415 2110 Plin.
1442 2077 1501 2119 Ep.
1531 2079 1559 2117 1,
1592 2079 1644 2118 14,

973 2126 1008 2161 1;
1039 2123 1073 2156 L.
1103 2126 1157 2163 40,
1186 2126 1215 2165 5,
1244 2126 1281 2156 5:
1300 2125 1480 2165 fovendam
1504 2134 1601 2164 apem.

1015 2216 1114 2248 6—9.
1140 2226 1177 2247 ex
1202 2225 1333 2254 compos.
1358 2216 1478 2255 geho'rt
1499 2214 1591 2246 nicht
1608 2225 1650 2246 zu

968 2264 1112 2299 wallum,
1156 2261 1297 2292 sonderu
1340 2260 1384 2292 ist
1417 2260 1498 2292 kurz
1534 2264 1653 2301 gesagt

969 2310 1070 2338 statt:
1097 2306 1146 2338 als
1164 2306 1212 2338 510
1233 2307 1292 2337 das
1308 2306 1464 2345 Zeichen,
1491 2306 1549 2338 das
1566 2306 1651 2338 nach

970 2353 1028 2384 (101·
1045 2352 1295 2393 Verabredung,
1322 2362 1346 2383 5.
1366 2354 1422 2391 25,
1449 2353 1479 2391 9,
1510 2354 1562 2391 10,
1588 2361 1649 2392 ge-

969 2398 1072 2438 geben
1091 2399 1225 2429 werden
1242 2397 1353 2436 sollte,
1372 2397 1464 2428 nicht
1477 2397 1648 2437 bekameu,

971 2454 995 2475 5.
1023 2455 1048 2475 c.
1076 2446 1129 2482 22,
1159 2446 1186 2476 2.
1214 2461 1259 2465 —
1283 2445 1397 2483 destit„
1428 2442 1521 2474 Preis
1547 2452 1649 2483 gege-

970 2489 1043 2526 ben,
1070 2500 1094 2521 5.
1122 2490 1183 2523 30,
1213 2492 1267 2522 41.
1300 2491 1360 2530 10,
1386 2490 1441 2529 23,
1472 2490 1523 2526 10,
1549 2490 1577 2521 5.
1605 2506 1649 2512 —

969 2538 1048 2574 ipsi,
1089 2536 1136 2566 als
1165 2535 1255 2566 ihrer
1284 2534 1387 2566 selbst
1415 2543 1539 2575 waren,
1576 2533 1648 2573 die;

970 2592 1033 2612 von
1058 2581 1154 2613 ihneu
1179 2580 1301 2619 selbst,
1328 2579 1396 2621 vgl.
1428 2581 1488 2621 35,
1519 2580 1578 2620 30,
1607 2581 1648 2618 63

1482 133 1644 162 m.
1711 0 1747 169 1
