1747 2841
92 141 123 160 ·a·
145 132 194 160 Ch.
220 132 280 159 ¹92-
551 133 677 166 LIBER
704 133 852 167 XXXV.
878 132 968 166 CAP.
995 133 1047 166 32.
1076 134 1129 166 33.
1466 132 1524 174 53

98 249 170 277 sua
197 248 393 288 quemque
414 235 637 275 habiturum
661 236 801 283 fuisse,
833 248 961 287 neque
981 235 1111 274 omnia
1135 234 1207 274 suh
1234 241 1373 274 nutum
1397 235 1519 274 dicio-
1540 250 1559 282 9

99 305 269 344 nemque
292 293 507 332 Romanam
532 298 776 343 perventura.
812 304 942 339 „nunc
959 294 1140 342 quoque“
1163 291 1300 342 inquit,
1323 291 1379 338 „si
1401 291 1517 330 modo
1542 306 1581 338 10

99 361 168 389 vos
191 361 289 400 quae
310 348 520 387 inchoastis
543 349 700 387 consilia
722 354 945 388 constanter
962 347 1172 398 perducitis
1195 348 1240 385 ad
1263 347 1420 393 exitum,
1445 360 1518 398 po-

95 405 183 444 terit
213 405 284 444 diis
314 404 535 443 iuvantibus
566 411 602 443 et
623 405 766 444 Aetolis
786 404 900 443 sociis
917 404 1132 442 Antiochus
1157 404 1333 454 quamvis
1353 403 1516 442 inclina-

91 467 150 500 tas
172 461 352 500 Graeciae
383 473 445 499 res
476 461 678 500 restituere
703 461 742 499 in
765 460 967 512 pristinam
988 460 1222 511 dignitatem.
1266 472 1308 498 ea
1329 465 1456 498 autem
1476 460 1515 498 in
1540 475 1577 507 11

93 517 266 556 libertate
291 517 414 568 posita
437 524 504 563 est,
529 529 626 567 quae
650 518 730 556 suis
752 523 826 556 stat
847 516 1006 562 viribus,
1038 529 1118 554 non
1143 529 1189 554 ex
1212 516 1335 555 alieno
1359 516 1516 554 arbitrio

94 572 273 624 pendet.“
298 573 571 620 Athenienses,
603 573 745 624 quihus
769 573 905 624 primis
928 579 1017 623 post
1037 572 1179 623 regiam
1202 572 1432 622 legationem
1456 572 1515 611 di-
1539 581 1581 618 12,

95 629 207 668 cendi
229 641 328 680 quae
349 629 489 668 vellent
514 636 681 680 potestas
703 632 798 668 sacta
821 635 899 674 est,
932 629 1127 667 mentione
1151 629 1259 666 omni
1281 629 1380 678 regis
1402 641 1515 679 prae-

94 685 272 724 termissa
291 686 489 724 Romanae
510 686 700 724 societatis
723 685 878 724 Aetolos
904 685 1212 735 meritorumque
1233 685 1271 723 in
1295 685 1514 723 universam

94 741 291 780 Graeciam
312 742 355 780 T.
378 742 532 789 Quincti
555 742 863 780 admonuerunt:
895 753 943 780 ne
964 747 1108 780 temere
1131 753 1214 780 eam
1240 741 1355 779 nimia
1379 741 1514 779 celeri-
1537 755 1577 787 13

93 803 167 837 tate
189 798 443 836 consiliorum
467 803 703 844 everterent3
729 798 886 836 consilia
907 797 1025 836 calida
1047 804 1084 836 et
1104 797 1258 836 audacia
1280 797 1405 847 prima
1424 810 1514 848 spe-

96 854 152 893 cie
172 853 279 899 laeta,
310 860 470 893 tractatu
493 854 601 900 dura,
629 860 769 892 eventu
790 854 908 893 tristia
931 866 1027 893 esse.
1071 854 1215 905 legatos
1236 854 1448 900 Romanos,
1480 859 1517 892 et

90 910 131 948 iu
166 910 213 949 iis
256 911 299 949 T.
331 911 577 958 Quinctium,
619 910 722 948 haud
753 911 891 960 procul
921 910 1012 948 inde
1042 909 1197 956 abesse3
1243 909 1337 948 dum
1367 910 1515 960 integra

92 966 223 1005 omnia
244 972 384 1013 essent,
404 966 531 1005 verbis
543 966 672 1017 potius
685 966 799 1013 deiis,
824 978 922 1017 quae
934 966 1235 1017 ambigerentur,
1257 966 1516 1017 disceptarent
1536 981 1577 1013 14

86 1035 208 1074 quam
232 1023 360 1061 Asiam
386 1023 664 1073 Europamque
688 1022 734 1061 ad
757 1024 957 1061 funestum
980 1028 1176 1061 armarent
1195 1022 1352 1060 bellum.
1383 1022 1512 1061 Multi-
1532 1033 1590 1073 33

91 1079 184 1117 tudo
208 1079 317 1117 avida
341 1079 509 1117 novandi
529 1091 591 1117 res
607 1079 786 1117 Antiochi
807 1085 884 1118 tota
904 1085 995 1126 erat,
1018 1085 1055 1118 et
1074 1091 1123 1117 ne
1144 1078 1402 1117 admittendos
1423 1079 1512 1129 qui-

90 1135 178 1173 dem
199 1135 239 1173 in
263 1135 471 1173 concilium
494 1135 692 1174 Romanos
716 1135 946 1183 censebant3
967 1136 1190 1186 principum
1205 1135 1369 1173 maxime
1381 1134 1512 1173 senio-

90 1203 152 1229 res
174 1191 398 1230 auctoritate
423 1191 687 1237 obtinuerunt,
712 1197 754 1230 ut
774 1191 931 1230 daretur
952 1192 998 1230 iis
1022 1191 1241 1230 concilium.
1281 1191 1356 1229 hoc
1376 1191 1510 1230 decre-
1531 1205 1550 1237 2

88 1253 173 1285 tum
194 1247 448 1286 Athenienses
480 1260 569 1286 cum
592 1248 824 1294 retulissent,
857 1248 1031 1286 eundum
1061 1248 1101 1286 in
1124 1247 1310 1286 Aetoliam
1332 1247 1511 1294 Quinctio

88 1303 216 1342 visum
240 1309 315 1342 est:
346 1309 411 1342 aut
432 1304 535 1342 enim
555 1310 755 1342 moturum
779 1304 934 1354 aliquid,
956 1309 1022 1343 aut
1045 1305 1173 1342 omnis
1195 1304 1374 1342 homines
1396 1309 1511 1342 testes
1531 1317 1549 1348 3

88 1361 174 1398 fore
202 1372 322 1410 penes
343 1360 499 1398 Aetolos
532 1360 684 1410 eulpam
715 1360 804 1399 belli
834 1373 930 1406 esse,
961 1361 1161 1400 Romanos
1190 1360 1289 1398 iusta
1315 1371 1359 1398 ac
1388 1372 1512 1411 prope

87 1416 304 1454 necessaria
325 1422 553 1466 sumpturos
573 1428 691 1454 arma.
732 1423 940 1467 postquam
962 1423 1122 1456 ventum
1144 1422 1200 1455 est
1219 1428 1278 1462 eo,
1307 1415 1510 1463 Quinctius
1529 1431 1550 1462 4

85 1472 127 1510 iu
155 1472 317 1511 concilio
343 1484 457 1511 orsus
481 1485 500 1510 a
521 1472 712 1523 principio
737 1472 928 1512 societatis
951 1473 1179 1512 Aetolorum
1203 1484 1292 1510 cum
1312 1472 1512 1519 Romanis,

836 1607 890 1648 32,
916 1607 945 1639 2.
974 1623 1018 1628 —
1034 1611 1180 1643 tractatu,
1208 1605 1262 1636 bei
1285 1605 1343 1637 der
1359 1605 1511 1637 Behantl-

79 1612 277 1645 perventura
311 1619 357 1632 =
396 1608 426 1638 si
473 1607 689 1638 intervenisset
720 1623 763 1629 —

833 1651 924 1692 lnng.
943 1650 1171 1690 Anwendung,
1189 1650 1256 1691 vgl.
1274 1649 1376 1693 praef.
1401 1652 1436 1684 11
1451 1663 1459 1691 ς
1485 1662 1512 1682 c.

84 1652 254 1683 habiturus
269 1651 344 1692 suit
371 1655 452 1682 etc.:
478 1661 512 1682 es
536 1651 651 1683 wiirde
668 1650 765 1692 jeder

87 1695 278 1739 (Philippus,
311 1695 362 1728 die
381 1696 504 1737 griech.
523 1696 674 1733 Staaten)
692 1696 763 1728 sein

86 1741 218 1782 eigenes
252 1741 345 1773 Laud
373 1741 499 1781 haben,
534 1741 605 1773 sein
630 1741 765 1783 eigener

85 1786 171 1818 Heri·
198 1786 280 1819 sein.
299 1804 345 1809 —
361 1794 431 1819 mot.
460 1789 531 1825 die,
564 1789 594 1827 7,
620 1788 674 1828 30,
700 1789 762 1827 203

85 1833 127 1872 2,
153 1834 215 1872 54,
241 1834 279 1865 5:
312 1835 356 1864 ad
377 1840 490 1865 matum
515 1835 746 1874 imperiumque
754 1846 764 1872 ,-

87 1880 120 1916 4,
147 1878 178 1918 8,
206 1879 245 1910 2:
273 1879 329 1909 sub
344 1884 425 1911 mctu
442 1884 537 1919 atque
553 1879 696 1910 arbitrio.
717 1895 762 1900 —

86 1925 194 1964 inquit
210 1923 295 1954 nach
313 1925 358 1955 ait
378 1928 461 1963 ete,
492 1926 520 1963 1,
543 1924 594 1963 13,
618 1925 658 1963 33
677 1925 708 1963 2,
729 1925 761 1963 2,

89 1970 128 2010 ’ῖς
146 1967 213 2009 vgl.
234 1972 333 2000 unten
353 1979 380 2000 c.
398 1971 460 2009 493
482 1970 550 2007 38„
561 1970 614 2008 52,
637 1970 667 2002 6.
688 1980 761 2000 eon-

89 2016 163 2045 silia
179 2015 310 2053 perduc.
333 2026 362 2046 a.
378 2025 402 2046 e.
423 2015 482 2046 hat
503 2013 569 2045 wol
587 2013 623 2046 L.
650 2018 763 2046 zuerst

85 2069 122 2090 so
152 2058 352 2091 verbunden.
386 2077 428 2082 —
459 2062 591 2100 inclin„
628 2061 690 2099 22,
728 2061 761 2100 6,

86 2105 118 2137 9.
143 2122 184 2126 -
212 2106 322 2144 libert„
347 2115 373 2136 e.
397 2106 452 2144 46,
485 2107 543 2145 113
568 2106 622 2144 31,
648 2106 703 2146 31,
731 2107 761 2138 7.

85 2167 131 2172 -—
154 2151 270 2191 alieno,
291 2150 356 2182 wie
381 2160 407 2181 c.
436 2152 490 2188 31,
521 2151 572 2184 12.

136 2195 277 2229 12—14.
329 2197 418 2228 Rom.
446 2207 525 2236 soa,
565 2194 655 2227 diese
679 2194 764 2227 wird

80 2240 171 2272 auch
207 2241 260 2280 36,
300 2241 331 2280 3,
358 2242 377 2274 8
406 2244 670 2282 vorausgesetzt,
696 2240 764 2281 vgl.

82 2286 142 2326 33,
161 2286 216 2325 35,
234 2286 273 2326 93
299 2285 449 2327 obgleich
469 2287 553 2318 nach
573 2287 626 2326 33,
649 2287 699 2327 13,
723 2288 759 2319 11

85 2330 146 2362 das
179 2330 246 2362 alte
275 2331 433 2363 Biinduiss
463 2331 659 2372 gebrochen,
684 2341 710 2363 S.
736 2341 762 2363 c.

85 2376 142 2416 33,
168 2378 200 2415 4,
229 2375 282 2407 ein
306 2386 404 2408 neues
432 2377 523 2408 nieht
550 2376 761 2417 geschlossen

83 2420 142 2453 ist.
160 2439 204 2444 —-
220 2432 260 2454 ne
283 2428 352 2455 tem.
378 2422 482 2463 hiingt
505 2421 676 2454 mittelbar
696 2432 760 2453 von

85 2469 317 2499 admonuerunt
343 2467 383 2499 ab
411 2482 458 2493 =
491 2469 690 2499 admonentes
714 2470 763 2500 di-

84 2513 208 2553 cebant,
232 2519 392 2553 caverent,
417 2523 465 2544 ne.
492 2530 536 2535 ——
559 2515 682 2553 calida,
707 2514 762 2552 22,

83 2557 140 2597 24,
171 2558 211 2598 23
235 2557 303 2590 Cic.
323 2558 395 2590 Att.
430 2560 480 2599 15,
507 2559 547 2602 65
566 2558 632 2599 vgl.
652 2557 690 2589 L.
708 2559 763 2598 31,

837 1698 888 1735 12,
921 1697 970 1729 12.
995 1714 1040 1718 ——-
1063 1697 1223 1737 ambi-qen,
1252 1696 1318 1737 vgl.
1348 1707 1374 1727 c.
1401 1697 1454 1736 33,
1472 1698 1511 1735 43

836 1744 887 1782 16,
923 1743 982 1780 1ος
1018 1743 1047 1782 1,
1080 1742 1111 1780 3,
1147 1743 1177 1773 2.
1203 1759 1246 1763 -—-
1273 1744 1410 1783 dz'scept„
1440 1741 1513 1773 hier

832 1786 1049 1826 vei-handeln,
1073 1786 1143 1817 sich
1163 1784 1221 1817 auf
1243 1786 1316 1818 eine
1335 1787 1511 1819 Verhand-

832 1832 912 1873 lung
941 1832 1116 1871 einlassen,
1141 1842 1194 1863 um
1221 1832 1280 1864 den
1302 1831 1408 1864 Streit
1438 1832 1510 1864 bei-

832 1878 981 1918 zulegen.

878 1920 947 1960 33.
976 1924 1072 1956 1—3.
1097 1924 1285 1963 multitudo,
1318 1922 1371 1954 die
1396 1932 1509 1963 grosse

831 1968 948 2009 Menge
984 1967 1016 1999 in
1058 1968 1115 1999 der
1152 1967 1414 2008 Laudgemeinde
1451 1968 1511 1999 der

830 2014 986 2054 Aetoler,
1030 2013 1074 2044 im
1117 2012 1324 2053 Gegensatze
1364 2024 1403 2044 zu
1448 2013 1509 2044 den

824 2061 1010 2099 principes,
1036 2069 1062 2090 5.
1089 2059 1149 2099 32,
1176 2060 1238 2098 21,
1268 2060 1303 2098 1·,
1336 2068 1363 2090 e.
1390 2059 1444 2097 25,
1470 2060 1509 2097 63

833 2105 885 2137 die
911 2104 1058 2136 seniores
1086 2104 1228 2145 gehtiren
1250 2104 1308 2135 der
1325 2103 1508 2144 gemiissig-

833 2154 889 2182 ten
916 2149 1027 2181 Partei
1054 2160 1115 2189 an,
1152 2159 1188 2180 so
1217 2147 1404 2188 Phaeneas,
1431 2159 1456 2180 5.
1482 2158 1508 2180 c.

833 2198 887 2236 45,
903 2196 941 2235 33
967 2196 1021 2233 36,
1037 2196 1092 2235 28,
1114 2196 1141 2227 1.
1156 2196 1376 2234 —Amz'oohi,
1401 2204 1428 2225 c.
1455 2195 1509 2236 31,

832 2243 862 2274 4.
894 2259 932 2263 —
959 2246 1026 2272 erat
1050 2258 1093 2263 -
1121 2241 1300 2280 censebant,
1336 2249 1363 2271 c.
1393 2240 1453 2280 17,
1477 2239 1508 2271 2.

833 2304 877 2310 —
902 2288 992 2318 daret
1017 2287 1038 2318 i.
1063 2296 1160 2325 conc„
1185 2285 1261 2316 dass
1287 2285 1358 2317 eine
1384 2284 1507 2316 andere

833 2331 1086 2371 Versammlung
1110 2340 1163 2361 um
1190 2330 1237 2362 sie
1264 2341 1304 2362 zu
1329 2330 1430 2362 hiiren
1446 2340 1507 2361 an-

830 2376 991 2418 geordnet
1014 2376 1138 2407 wiirde.
1163 2393 1206 2397 —
1230 2383 1346 2409 motur.
1369 2378 1421 2417 aL,
1450 2376 1505 2415 28,

832 2424 895 2462 36,
926 2424 963 2461 53
1007 2422 1069 2462 33,
1095 2422 1154 2461 35,
1181 2422 1211 2454 6.
1235 2439 1280 2445 —-
1297 2432 1395 2461 penes
1419 2421 1506 2461 Aet„

832 2468 888 2507 22,
914 2469 970 2505 44,
996 2468 1035 2507 63
1067 2468 1099 2507 9,
1128 2468 1156 2509 1,
1182 2467 1202 2499 6
1225 2478 1255 2498 11.
1282 2477 1312 2498 a.
1340 2484 1384 2490 —
1410 2468 1506 2506 iusta,

833 2514 864 2553 9,
894 2514 922 2553 1,
952 2513 1002 2545 10.

879 2559 980 2591 4-6.
1012 2568 1064 2598 eo,
1090 2567 1132 2588 an
1157 2556 1219 2588 den
1248 2556 1310 2589 Ort
1334 2557 1392 2589 der
1419 2555 1508 2590 Ver-
