1747 2841
145 138 174 160 a.
194 133 243 160 Ch.
265 134 325 160 190.

583 133 709 167 LIBER
733 133 912 168 XXXVII.
953 133 1046 167 CAP.
1080 136 1133 168 20.

1496 133 1572 175 191

152 250 194 277 se
224 237 431 277 moenibus
456 236 712 283 incluserunt,
744 243 991 289 contemptus
1014 249 1151 276 eorum
1170 244 1207 275 et
1228 236 1317 275 inde
1338 237 1576 288 neglegentia

151 294 255 346 apud
275 293 402 345 regios
430 294 564 332 oritur.
614 306 694 332 non
720 300 871 341 stratos,
894 306 975 333 non
999 294 1215 332 infrenatos
1238 304 1372 344 magna
1394 305 1482 343 pars
1506 294 1573 332 ha-

151 350 295 390 bebant
323 362 469 401 equ0s3
498 350 632 401 paucis
663 351 709 389 ad
741 363 846 390 arma
879 357 915 390 et
947 350 1102 389 ordines
1131 350 1271 388 relictis
1295 349 1430 400 dilapsi
1459 351 1573 388 ceteri
1594 358 1615 389 5

152 413 373 458 sparserant
397 419 437 445 se
469 412 549 445 toto
580 407 723 457 passim
754 419 904 458 campo,
935 419 1025 458 pars
1047 407 1085 444 in
1112 406 1307 445 iuvenales
1330 405 1440 444 lusus
1460 406 1572 444 lasci-

150 463 331 514 viamque
356 463 470 509 versi,
501 475 590 514 pars
622 471 820 503 vescentes
840 463 912 502 sub
934 463 1085 507 umbra,
1116 463 1274 514 quidam
1299 474 1439 501 somno
1461 463 1574 501 etiam

150 519 268 559 strati.
314 519 408 558 haec
426 520 646 571 Diophanes
670 532 717 559 ex
742 521 814 559 alta
838 519 933 559 urhe
952 519 1142 570 Pergamo
1167 519 1448 570 contemplatus
1468 531 1572 558 arma
1594 534 1614 566 6

150 588 245 615 suos
276 587 413 626 capere
444 582 480 615 et
510 576 556 614 ad
588 583 738 627 portam
762 582 914 628 praesto
937 588 1020 615 esse
1043 575 1170 622 iubet;
1197 576 1280 626 ipse
1306 576 1474 614 Attalum
1497 576 1574 615 adit

150 633 247 671 etin
266 633 397 671 animo
421 632 492 672 sibi
517 646 601 672 esse
623 634 717 672 dixit
739 633 910 672 hostium
930 633 1135 672 stationem
1159 638 1358 683 temptare.
1400 644 1512 683 aegre
1531 632 1569 670 id
1594 646 1611 676 7

150 689 397 740 permittente
408 689 543 733 Attalo,
567 690 712 741 quippe
736 690 803 741 qui
826 696 983 728 centum
1004 689 1199 740 equitibus
1214 689 1400 727 adversus
1412 701 1570 728 sescen-

147 751 221 792 tos,
251 745 354 785 mille
379 746 572 796 peditibus
595 758 686 785 cum
709 751 892 797 quattuor
919 745 1073 784 milibus
1097 752 1361 797 pugnaturum
1384 752 1571 791 cerneret,

147 807 260 853 porta
288 814 466 853 egressus
487 803 588 842 haud
612 803 750 854 procul
771 802 935 842 statione
956 802 1148 848 hostium,
1180 802 1424 841 occasionem
1447 814 1570 853 oppe-

148 858 254 897 riens
267 889 276 905 ,
318 859 505 899 consedit.

565 865 603 898 et
641 860 707 910 qui
734 859 911 910 Pergami
938 866 1048 898 erant
1074 859 1281 898 amentiam
1306 858 1427 909 magis
1454 870 1570 909 quam
1591 864 1610 896 8

148 915 347 954 audaciam
369 916 527 955 credere
548 928 651 962 esse,
683 916 870 955 et·hostes
894 916 1089 966 paulisper
1108 915 1148 954 in
1171 927 1237 954 eos
1259 915 1381 961 versi,
1413 920 1456 954 ut
1477 915 1572 953 nihil

148 972 299 1011 moveri
314 972 515 1018 viderunt,
537 984 609 1011 nec
629 972 704 1022 ipsi
727 973 937 1023 quicquam
953 985 999 1011 ex
1010 972 1120 1011 solita
1136 972 1386 1023 neglegentia,
1410 972 1572 1022 insuper

148 1028 262 1067 etiam
293 1028 491 1068 eludentes
523 1028 765 1079 paucitatem,
796 1035 1006 1068 mutarunt.

1065 1029 1287 1080 Diophanes
1317 1028 1471 1079 quietos
1502 1028 1570 1066 ali-
1589 1037 1608 1069 9

150 1084 338 1135 quamdiu
362 1097 477 1132 suos,
509 1085 613 1124 velut
642 1085 689 1124 ad
719 1085 984 1136 spectaculum
1012 1085 1130 1124 modo
1157 1085 1330 1131 eductos,
1357 1085 1570 1131 continuit;

147 1147 357 1192 postquam
380 1141 549 1192 dilapsos
569 1141 616 1181 ab
640 1142 844 1181 ordinibus
864 1142 995 1181 hostes
1019 1142 1122 1188 vidit,
1144 1141 1350 1192 peditibus,
1380 1146 1572 1192 quantum
1593 1155 1638 1187 10

146 1197 360 1237 accelerare
389 1204 570 1249 possent,
599 1198 709 1249 sequi
741 1199 856 1238 iussis
877 1199 960 1250 ipse
983 1199 1165 1250 princeps
1186 1199 1288 1237 inter
1308 1199 1457 1249 equites
1478 1210 1567 1236 cum

145 1259 274 1293 turma
294 1267 375 1301 sua,
396 1267 512 1306 quam
534 1255 662 1306 potuit
681 1255 924 1295 effusissimis
948 1255 1121 1302 habenis,
1137 1255 1306 1294 clamore
1328 1255 1375 1293 ab
1392 1255 1501 1294 omni
1515 1255 1570 1293 si-

144 1378 185 1419 6,
211 1378 250 1417 2,
279 1379 341 1416 45,
373 1379 410 1417 7,
447 1377 505 1409 das
531 1377 603 1410 eine
628 1377 696 1410 Mal
722 1379 822 1410 sehon

145 1432 218 1454 war
238 1432 357 1464 geuug‚
382 1433 434 1454 um
455 1423 502 1455 sie
524 1434 560 1455 so
578 1434 618 1455 zu
631 1424 821 1463 schreckeu,

145 1469 221 1500 dass
258 1468 306 1500 sie
337 1467 409 1500 sich
434 1468 678 1509 einschloss'en,
719 1470 823 1501 daher

145 1513 196 1545 die
230 1513 454 1554 Verachtung.
482 1532 525 1537 —-
552 1517 624 1547 inde
641 1530 687 1542 =
708 1527 723 1547 e
744 1527 819 1547 eon-

143 1566 270 1599 temptu.
295 1577 342 1582 —
367 1570 484 1601 maqna
501 1572 538 1600 p.
572 1560 617 1592 ist
650 1560 740 1602 Subj.
782 1571 822 1592 zu

141 1606 304 1644 habebant,
334 1615 359 1637 s.
386 1606 439 1645 36,
468 1606 519 1646 19,
550 1607 609 1647 10,
634 1606 683 1637 od.
710 1607 821 1648 Appo-

142 1650 196 1682 sit.
218 1661 258 1682 zu
284 1651 356 1683 dem
382 1650 475 1682 darin
501 1651 691 1692 gegebenen
716 1651 820 1692 Subj.,

141 1707 167 1729 s.
193 1706 220 1728 c.
250 1697 308 1736 13,
335 1698 365 1730 4.
405 1698 547 1739 iaegfren„
573 1698 590 1736 ἓ
615 1699 673 1737 12,
699 1699 739 1738 2,
766 1699 820 1738 59,

144 1745 185 1784 4,
217 1742 335 1774 anders
361 1743 423 1782 21,
449 1745 510 1784 44,
542 1744 568 1776 1.
598 1761 642 1765 —
672 1746 820 1784 duvenal,

145 1788 212 1829 vgl.
233 1790 263 1827 5,
290 1789 344 1827 22,
372 1789 409 1828 53
436 1790 491 1828 40,
520 1790 548 1827 ἶ,
576 1790 615 1830 2,
639 1788 683 1821 ib.
711 1791 762 1828 14,
785 1791 817 1827 2,

143 1843 179 1866 so
199 1833 283 1865 auch
296 1832 414 1874 Vergil
434 1845 464 1867 u.
483 1833 634 1876 Spatere.
656 1852 699 1857 —
718 1838 820 1875 lusus,

145 1879 204 1910 der
220 1877 344 1921 Plural,
370 1878 434 1911 wie
456 1890 482 1911 c.
504 1881 556 1919 16,
586 1881 624 1921 8,
649 1881 703 1920 22,
732 1883 762 1921 5,
781 1883 820 1921 43

146 1926 199 1964 10,
229 1927 284 1966 41,
311 1926 330 1957 3
355 1935 386 1956 u.
412 1935 441 1956 a.
468 1943 510 1948 —-—
536 1928 653 1965 lasciv.⁷
676 1936 701 1958 s.
731 1928 759 1966 1,
789 1928 821 1966 5,

146 1972 183 2003 2:
209 1973 245 2002 in
270 1973 373 2002 lusum
397 1973 638 2012 ῖαθοιύίαηκᾳιιες
674 1973 737 2012 24,
769 1973 819 2011 16,

149 2018 207 2049 14:
225 2027 287 2056 per
311 2019 472 2048 lasciviam
500 2024 527 2050 et
551 2021 662 2049 iocum.
689 2035 733 2040 —
756 2029 822 2050 ves-

145 2068 240 2102 cem,
282 2060 414 2093 absolut
450 2062 514 2095 wie
539 2062 640 2104 Verg.
665 2064 702 2102 6,
741 2065 819 2101 657,

147 2107 212 2148 Vgl.
240 2106 275 2138 L.
302 2108 356 2147 27,
383 2108 436 2144 43,
466 2110 505 2141 10
530 2119 561 2140 u.
588 2119 674 2140 a.—
692 2111 820 2149 quidam

145 2153 227 2184 nach
252 2163 354 2194 pars,
394 2154 456 2193 25,
497 2154 557 2194 30,
595 2156 634 2194 2,
674 2154 740 2195 vgl.
766 2157 819 2193 31,

152 2200 206 2231 37,
233 2199 263 2230 2.

189 2244 287 2277 6-8.
314 2255 351 2275 ex
367 2246 432 2275 alta
455 2256 486 2275 u.
510 2245 560 2284 P„
588 2255 613 2276 s.
637 2244 690 2276 die
715 2244 819 2277 stelle

143 2299 202 2321 aus
227 2288 347 2320 Strabo
374 2299 413 2320 zu
439 2290 455 2328 ἓ
481 2290 500 2322 3
525 2292 632 2330 collis,-
668 2290 751 2321 doch
777 2291 821 2321 ist

144 2345 178 2367 es
204 2334 401 2374 auffallend,
428 2334 503 2366 dass
528 2336 586 2367 der
611 2336 818 2377 wichtigere,

143 2381 204 2412 den
228 2380 339 2412 Grund
366 2380 579 2413 enthaltende
598 2381 724 2423 Begriff
748 2382 819 2413 ein-

143 2425 220 2458 fach
245 2427 347 2458 durch
375 2426 432 2457 das
458 2426 634 2467 Adjecfiv,
672 2427 738 2468 vgl.
765 2428 819 2463 22,

140 2473 194 2512 49,
218 2473 276 2506 13:
290 2475 323 2503 iu
343 2475 444 2504 vicum
460 2475 566 2511 tjpsum
586 2475 726 2513 θαηηαςς
743 2471 821 2504 Tac.

140 2518 223 2549 Anu.
253 2520 304 2557 14,
330 2520 394 2550 27:
418 2525 505 2550 vetus
522 2521 671 2558 oppidum
686 2520 822 2556 Puteoli,

141 2574 166 2595 s.
184 2573 224 2595 zu
242 2565 296 2603 44,
324 2564 376 2605 32,
405 2566 433 2596 3.
455 2563 545 2595 nicht
565 2564 666 2596 durch
685 2576 818 2602 summa,

892 1381 1057 1418 altissima,
1078 1378 1301 1419 ausgedriiekt
1320 1377 1383 1419 ἱεῖς
1407 1377 1488 1419 App.
1509 1379 1570 1410 26:

893 1421 970 1457 ἀπὸ
988 1427 1054 1457 τοῦ
1075 1427 1220 1467 τείχους
1239 1419 1351 1462 iduh),-
1372 1422 1447 1455 Hor.
1462 1422 1570 1455 Carm.

893 1471 923 1509 3,
951 1471 982 1509 2,
1007 1472 1042 1503 6:
1070 1481 1108 1501 ex
1124 1471 1284 1501 moenibus
1301 1471 1430 1501 hosticis
1440 1472 1570 1509 prospi-

891 1517 984 1547 ciens.
1010 1533 1053 1537 ——
1078 1518 1121 1547 ad
1139 1521 1225 1554 port.
1247 1526 1302 1554 pr.
1327 1526 1408 1553 esse,
1448 1516 1487 1553 5,
1513 1516 1568 1552 45,

896 1562 929 1593 1:
954 1563 998 1592 ad
1013 1567 1126 1600 portas
1151 1563 1282 1592 Camillo
1303 1567 1431 1600 praesto
1446 1561 1570 1602 fuere;

890 1605 1040 1647 weniger
1062 1606 1201 1648 passend
1225 1606 1278 1637 die
1302 1606 1424 1637 andere
1450 1604 1569 1637 Lesart

890 1653 934 1684 ad
970 1654 1055 1684 iussa
1085 1659 1224 1692 praesto.
1251 1669 1287 1674 —-
1311 1658 1469 1693 pugnum,
1511 1650 1570 1682 der

892 1695 1015 1740 Hampf
1042 1698 1135 1729 stehe
1167 1697 1289 1737 bevor,
1327 1707 1363 1729 er
1388 1696 1499 1728 werde
1524 1714 1569 1720 -

890 1753 1029 1775 mussen.
1055 1761 1097 1765 —
1120 1754 1176 1775 nee
1198 1745 1264 1783 ipsi
1282 1758 1325 1769 =
1346 1754 1385 1775 ne
1408 1745 1472 1782 ipsi
1495 1746 1569 1784 qui-

891 1791 977 1828 dem,
1005 1790 1066 1829 23,
1096 1789 1155 1829 18,
1182 1791 1222 1830 4,
1248 1788 1314 1829 vgl.
1341 1790 1394 1828 35,
1423 1789 1479 1829 463
1508 1790 1568 1831 13,

891 1835 953 1873 30,
979 1835 1034 1875 42,
1063 1836 1092 1874 7,
1120 1834 1357 1876 entsprechend
1381 1834 1453 1866 dem
1478 1833 1567 1876 posi-

889 1879 982 1912 tiven
1008 1887 1037 1912 et
1060 1882 1134 1919 ipse.
1158 1898 1204 1903 —
1226 1887 1307 1913 mut.
1331 1892 1386 1921 ex,
1423 1881 1485 1919 38,
1515 1882 1566 1918 11,

891 1927 929 1965 83
955 1927 1011 1965 42,
1039 1927 1092 1964 62,
1123 1928 1182 1967 15,
1206 1926 1237 1966 2,
1264 1927 1319 1965 61,
1348 1928 1383 1958 5:
1409 1936 1448 1957 ne
1472 1931 1507 1957 ut
1531 1937 1568 1957 ex

890 1978 1037 2004 consueta
1061 1974 1187 2012 quidem
1204 1974 1370 2012 asperitate
1386 1988 1426 1993 —
1445 1972 1573 2012 aliquid

890 2019 1020 2059 leniret,
1047 2017 1158 2058 Quint.
1186 2018 1217 2055 2,
1245 2018 1296 2057 13,
1323 2019 1342 2051 8
1367 2028 1396 2048 u.
1428 2026 1471 2056 a.,
1499 2015 1566 2057 vgl.

893 2066 929 2103 1,
956 2064 1020 2103 36,
1058 2065 1095 2095 7:
1137 2074 1237 2103 neque
1287 2065 1322 2095 de
1346 2080 1389 2084 —
1414 2065 1568 2095 centuriis

889 2110 1064 2150 quidquam
1088 2112 1235 2142 mutavit.

940 2156 1082 2187 10—14.
1108 2156 1151 2186 ad
1178 2160 1279 2192 spect„
1305 2155 1358 2193 35,
1386 2155 1439 2192 51,
1467 2155 1496 2186 3.
1522 2170 1565 2176 —

888 2206 1003 2231 turma.
1032 2199 1082 2231 die
1112 2203 1175 2233 100
1201 2198 1324 2231 Reiter.
1349 2216 1394 2220 —
1415 2209 1511 2240 quam
1528 2210 1565 2238 p.

889 2247 952 2286 eff„
984 2256 1010 2276 c.
1034 2246 1087 2281 22,
1108 2247 1145 2281 ὃς
1166 2246 1219 2283 24,
1243 2246 1296 2281 35,
1319 2245 1380 2286 10;
1399 2245 1453 2283 26,
1473 2247 1504 2284 5,
1524 2245 1565 2283 3,

889 2290 931 2321 ib.
952 2292 1005 2325 25,
1028 2292 1085 2328 12;
1105 2290 1145 2321 da
1165 2290 1215 2321 die
1234 2289 1370 2321 meisten
1380 2289 1573 2330 Hss.posset

888 2335 1013 2367 haben.
1047 2336 1126 2367 aber
1156 2335 1231 2367 keiu
1258 2334 1373 2366 Grund
1397 2335 1453 2367 des
1479 2335 1566 2366 Con-

887 2380 1036 2421 junctivs
1054 2380 1209 2422 vorliOgt,
1239 2381 1303 2412 wie
1324 2381 1447 2413 vorher
1463 2392 1566 2422 quan-

890 2434 955 2459 tum
980 2446 1023 2449 —
1045 2434 1184 2467 possent,
1219 2437 1243 2458 s.
1272 2428 1323 2466 10,
1364 2428 1414 2467 14,
1453 2428 1504 2467 14,
1529 2437 1566 2458 so

889 2473 933 2504 ist
966 2472 1054 2504 viell.
1075 2480 1176 2512 potest
1203 2483 1243 2504 zu
1268 2472 1368 2504 lesen.
1418 2474 1565 2514 effusz‘ea„

889 2529 913 2550 s.
942 2517 1040 2559 Yerg.
1078 2520 1137 2554 12,
1173 2519 1258 2551 499;
1293 2520 1394 2550 omnis
1428 2520 1567 2560 effundit

888 2565 1042 2602 habenam
1069 2564 1126 2595 der
1157 2562 1328 2595 Gebrauch
1354 2574 1418 2595 von
1444 2566 1565 2605 effusus
