1747 2841
127 123 155 143 a.
174 114 224 142 Ch.
244 115 303 143 198.
572 113 698 147 LIBER
717 114 865 148 XXXV.
891 113 984 147 CAP.
1005 116 1055 149 13.
1081 117 1131 149 14.
1499 116 1553 160 23

82 260 86 264 ,
131 219 306 265 credens,
336 218 517 264 eundem,
539 218 570 257 si
592 223 741 257 motum
763 217 909 257 bellum
931 223 1043 264 esset,
1066 229 1145 256 non
1169 217 1290 268 magis
1314 230 1446 268 parem
1469 219 1550 259 Ro-

130 275 254 315 manIs
275 277 372 322 fore,
398 287 516 325 quam
536 274 738 325 Philippus
760 274 906 320 fuisset,
937 280 974 312 et
995 279 1061 312 aut
1079 273 1254 312 funditus
1277 274 1472 313 sublatum
1495 276 1551 321 iri,
1571 285 1590 310 s

129 338 206 379 aut,
227 331 258 370 si
278 343 352 382 pax
376 331 475 369 victo
497 331 666 377 daretur,
688 331 806 369 multa
829 331 880 368 illi
910 330 1076 369 detracta
1099 329 1171 368 sibi
1192 342 1405 376 accessura,
1431 337 1471 370 ut
1494 334 1550 370 fa-

129 388 198 427 cile
219 387 358 426 deinde
381 399 421 425 se
444 386 490 425 ab
507 402 552 426 eo
577 387 659 425 siue
682 388 758 425 ullo
779 387 920 425 auxilio
944 387 1121 425 Romano
1144 386 1243 424 tueri
1266 393 1406 436 posset.
1439 387 1551 426 etiam
1571 403 1589 431 υ

127 444 159 483 si
180 443 272 494 quid
295 443 445 482 adversi
471 455 653 481 casurum
679 446 789 489 soret,
815 443 932 481 satius
956 455 1040 481 esse
1061 443 1249 482 Romanis
1272 443 1388 481 soriis
1409 455 1550 493 quam-

128 512 297 550 cumque
319 501 515 538 fortunam
537 499 680 545 subire,
703 511 821 550 quam
841 499 967 537 solum
990 505 1054 537 aut
1068 499 1552 550 imperiumpatiAntiochi

131 563 197 595 aut
227 555 464 594 abnuentem
492 556 527 594 vi
548 562 661 606 atque
682 556 798 594 armis
822 555 927 605 cogi:
960 555 1008 593 ob
1032 555 1137 602 haec,
1165 561 1355 605 quantum
1378 557 1548 595 auetori-
1574 566 1613 597 10

129 619 212 659 tate,
237 619 426 663 quantum
450 612 612 650 consilio
640 611 795 656 valebat,
818 611 999 649 invitabat
1021 612 1219 650 Romanos
1242 612 1287 649 ad
1313 611 1467 650 bellum.

239 668 432 718 Sulpicius
456 681 568 719 aeger
587 668 764 718 Pergami
786 667 973 711 substitit3
999 668 1130 705 Villius
1153 680 1242 705 cnm
1265 667 1428 706 Pisidiae
1448 668 1546 706 bello
1572 667 1628 708 14

128 731 361 775 occupatum
392 737 475 763 esse
506 737 637 775 regem
665 724 844 769 audisset,
871 724 1069 774 Ephesum
1091 727 1302 775 profectus,
1334 724 1428 762 dum
1450 737 1547 775 pau-

129 792 196 819 cos
215 780 267 819 ibi
298 788 474 819 moratur
507 781 600 826 (lies,
632 780 735 818 dedit
759 792 930 830 operam,
960 785 999 818 ut
1021 793 1111 818 eum
1135 780 1357 826 Hannibale,
1384 781 1549 831 quitum
1570 790 1588 821 2

126 836 179 875 ibi
203 838 302 875 sorte
325 844 415 882 erat,
439 849 552 887 saepe
574 836 889 887 congrederetur,
914 843 954 874 ut
977 837 1151 875 animum
1169 837 1480 887 einstemptaret,
1502 843 1550 884 et,
1570 847 1588 877 3

124 893 157 932 si
180 905 256 943 qua
277 900 420 943 posset,
452 899 599 931 metum
621 893 793 931 demeret
824 893 984 942 periculi
1009 894 1219 944 ‹plin-quam
1243 893 1275 931 ei
1295 893 1341 931 ab
1362 894 1549 932 Romanis

125 961 221 987 esse.
257 950 302 988 iis
325 949 528 1000 colloquiis
553 949 652 986 aliud
675 948 834 999 quidem
856 955 982 987 artum
1008 950 1101 988 nihil
1125 956 1192 996 est,
1216 956 1393 988 secutum
1420 956 1547 988 tamen
1568 963 1588 994 4

125 1018 195 1044 sua
226 1011 365 1056 sponte
394 1012 461 1051 est,
490 1005 592 1043 velut
614 1005 775 1043 consilio
798 1006 957 1055 petitum
990 1013 1101 1049 esset,
1132 1014 1175 1045 ut
1199 1006 1310 1045 vilior
1335 1005 1383 1043 ob
1407 1018 1448 1044 ea
1469 1006 1549 1057 regi

124 1062 315 1100 Hannibal
336 1068 372 1100 et
394 1062 610 1111 suspectior
633 1062 680 1099 ad
703 1062 833 1099 onmia
855 1064 972 1099 tieret.

237 1118 440 1164 Claudius,
468 1124 624 1156 secutus
655 1119 822 1156 Graecos
849 1118 1041 1156 Acilianos
1070 1117 1211 1163 libros,
1243 1118 1284 1156 P.
1319 1119 1546 1157 Africanum
1568 1133 1586 1164 5

123 1174 162 1212 in
185 1186 228 1212 ea
251 1174 370 1212 fuisse
390 1174 578 1224 legatione
594 1174 717 1219 tradit,
739 1186 908 1224 eumque
923 1174 1067 1224 Ephesi
1081 1175 1317 1213 collocutum
1335 1187 1424 1213 rum
1438 1175 1545 1213 Han-

124 1229 260 1277 nibale,
284 1236 554 1269 etsermonem
569 1231 816 1269 unumetiam
831 1232 969 1268 refert:
994 1231 1402 1281 quaerentiAtrieano,
1428 1244 1544 1281 quem
1567 1242 1585 1273 6

124 1286 243 1325 fuisse
274 1287 488 1325 maximum
519 1288 795 1337 imperatorem
828 1286 1019 1325 Hannibal
1048 1287 1242 1333 crederet,
1285 1287 1546 1338 respondisse,

123 1342 387 1382 Alexandrum
410 1343 668 1382 Macedonum
691 1356 833 1394 regem,
864 1344 970 1393 quod
992 1356 1110 1394 parva
1136 1355 1253 1382 manu
1277 1343 1545 1382 innulnerabi-
1566 1349 1584 1379 7

119 1531 379 1572 vorangestellt:
422 1543 534 1573 reqem,
573 1539 660 1564 tamo
701 1544 797 1573 quam

118 1580 183 1616 ipse
207 1583 283 1609 esset
301 1579 356 1616 (Ξ
378 1580 474 1609 multo
500 1577 543 1617 se)
565 1584 694 1617 potent„
717 1589 795 1618 =qra-

118 1634 183 1655 vem
222 1633 284 1655 acc.
327 1625 432 1663 cred„
466 1626 495 1654 si
519 1634 589 1662 paJJ
627 1629 712 1655 esset.
753 1640 796 1645 —

117 1670 258 1702 eundem,
295 1668 516 1700 andererseits
562 1669 673 1699 wiirde
719 1669 795 1699 der-

118 1713 221 1753 selbe,
247 1724 272 1745 s,
300 1715 353 1750 24,
380 1716 434 1755 22,
464 1716 492 1746 5.
521 1734 561 1739 —
589 1716 650 1746 sibi
672 1725 795 1756 acces-5„

119 1760 183 1790 wie
211 1768 245 1790 es
271 1760 355 1790 auch
380 1760 533 1800 geschah,
559 1770 582 1790 S.
602 1762 654 1798 38,
675 1762 729 1793 35.
753 1777 796 1782 ——

118 1815 222 1838 casur.
247 1805 324 1844 for„
351 1815 376 1836 s.
404 1807 455 1844 23,
486 1807 541 1843 43,
571 1807 628 1838 14:
663 1808 716 1843 36,
744 1808 797 1844 34,

119 1853 150 1890 3,
166 1860 226 1881 zur
239 1849 428 1882 construet.
442 1854 472 1890 6,
488 1853 543 1890 -12,
562 1852 612 1883 12.
628 1868 664 1872 —
683 1862 796 1892 quanc-

118 1906 231 1936 cumq.,
258 1906 283 1927 s.
314 1898 342 1936 1,
370 1898 400 1935 3,
429 1897 539 1929 3:22.
560 1898 612 1935 53,
645 1899 673 1928 5.

168 1937 234 1976 14.
261 1942 358 1976 3—4.
383 1943 483 1974 Pe'sid.
509 1943 550 1981 b.,
577 1952 602 1973 (⁸.
630 1944 684 1975 47.
701 1945 732 1976 4.
764 1961 792 1963 st

112 1989 255 2028 periculi
284 2005 321 2009 --
358 1998 420 2018 esse
443 1987 556 2027 'haugt
589 1986 653 2019 vie
694 1989 724 2025 2,
764 1991 793 2028 7,

118 2035 156 2073 {93
186 2034 217 2071 3,
247 2034 300 2072 22,
328 2034 346 2065 2
375 2043 437 2064 von
464 2040 580 2065 metum
597 2035 717 2065 demere
742 2034 794 2072 ab,

121 2077 185 2118 vgl.
225 2080 278 2117 40,
313 2079 367 2117 21,
397 2080 432 2120 13
466 2078 546 2110 iiber
578 2079 639 2110 den
674 2090 740 2110 acc.
768 2090 794 2111 e.

116 2122 205 2154 infin.
231 2123 314 2154 nach
347 2123 450 2156 einem
483 2124 678 2156 Substantiv
711 2136 736 2156 s.
763 2127 794 2164 6,

115 2170 146 2208 9,
186 2170 227 2209 9;
267 2168 332 2209 vgl.
374 2174 477 2201 unten
510 2180 536 2201 c.
577 2172 630 2209 31,
675 2172 724 2203 13.
751 2188 794 2193 —

116 2216 297 2254 quicquam,
325 2215 403 2246 weil
426 2216 484 2247 der
508 2215 665 2247 Gedanke
691 2226 793 2257 nega-

114 2259 165 2291 tiv
198 2259 243 2292 ist
277 2262 432 2301 (demere).
460 2279 502 2283 —
535 2267 580 2293 est
606 2279 650 2284 -—
677 2268 731 2301 est,
766 2273 791 2295 e.

119 2308 148 2345 1,
186 2307 235 2339 12.
265 2324 310 2328 —
333 2318 392 2339 sua
431 2319 487 2348 sp„
520 2307 604 2346 hier,
639 2307 702 2339 wie
736 2308 794 2340 der

116 2349 305 2392 Gegensatz
324 2352 431 2393 zeigt:
460 2362 525 2384 von
550 2352 663 2393 selbst,
684 2364 788 2395 unge—

114 2398 221 2436 sucht,
255 2408 280 2430 s.
315 2399 346 2437 2,
381 2399 435 2437 23,
473 2399 513 2439 2,
554 2400 607 2438 22,
650 2400 703 2437 38,
740 2401 791 2439 13,

114 2442 180 2484 vgl.
211 2444 261 2481 10,
289 2446 341 2482 36,
377 2444 407 2476 3.
437 2461 479 2465 -
502 2446 595 2485 velut,
619 2455 643 2476 s.
679 2446 709 2484 2,
737 2446 791 2485 36,

116 2490 143 2522 1.
179 2506 223 2511 -
256 2491 387 2521 oonsilio
424 2489 488 2521 abl.
522 2490 605 2522 mod.
640 2492 695 2530 26,
737 2492 791 2531 25,

116 2535 176 2578 103
207 2535 352 2577 2,11‚4
378 2545 406 2566 υ.
433 2544 462 2567 a.
481 2553 522 2557 —-
545 2533 667 2576 adfiir,
695 2535 791 2568 oder:

868 1532 899 1563 in
921 1532 1103 1564 Riieksicht
1131 1532 1191 1564 auf
1213 1532 1280 1564 alle
1300 1531 1452 1565 Zwecke.
1478 1533 1546 1565 Zur

866 1577 972 1609 Sache
1001 1578 1064 1619 xgl.
1095 1577 1212 1620 Polyb.
1242 1580 1273 1620 3,
1302 1580 1351 1611 11.

911 1626 1010 1656 5—7.
1043 1626 1196 1656 Claudius
1231 1641 1272 1647 -
1302 1626 1398 1663 Acie,
1431 1635 1456 1655 s.
1490 1626 1544 1658 25.

866 1671 919 1709 39,
963 1671 1012 1702 12.
1061 1669 1121 1700 Die
1162 1668 1239 1710 folg.
1275 1668 1444 1701 Anecdote
1490 1680 1544 1701 er-

866 1714 984 1746 ziihleu
1039 1715 1082 1746 im
1129 1714 1381 1746 &Vesentlichen
1435 1715 1545 1756 gleich

866 1760 947 1802 App.
975 1772 1005 1791 u.
1043 1759 1128 1791 Plut.
1167 1760 1187 1791 l.
1222 1761 1256 1799 1.,
1289 1771 1324 1791 so
1367 1761 1441 1792 dass
1479 1761 1544 1793 wol

868 1806 962 1837 eine
1007 1805 1122 1847 Quelle
1169 1804 1222 1837 fiir
1251 1805 1335 1847 alle,
1385 1806 1436 1838 die
1484 1818 1545 1838 nur

868 1850 1026 1894 Polybius
1059 1852 1130 1883 sein
1167 1852 1271 1891 kann,
1319 1853 1544 1884 anzunehmen

866 1896 919 1928 ist.
976 1896 1085 1939 Scipio
1118 1897 1162 1928 ist
1194 1907 1287 1928 zwar
1318 1897 1409 1928 nicht
1436 1902 1544 1930 =unter

866 1942 925 1973 den
956 1942 1146 1974 Gesandten
1179 1944 1232 1983 34,
1271 1945 1324 1981 52»,
1364 1943 1465 1975 allein
1502 1944 1542 1974 da

867 1988 949 2019 nach
965 1999 990 2019 e.
1007 1990 1061 2027 23,
1081 1990 1095 2021 1
1111 1988 1287 2019 mebi-mals
1305 1987 1470 2021 Gesandte
1484 2000 1542 2030 ge-

865 2033 996 2065 schiekt
1008 2034 1141 2065 worden
1156 2033 1240 2073 siud,
1253 2033 1287 2065 L.
1297 2034 1376 2065 aber
1392 2034 1443 2066 die
1454 2035 1546 2067 Ver-—

864 2079 1026 2110 hiiltnisse
1062 2079 1199 2121 Syriens
1234 2089 1294 2110 nur
1335 2078 1543 2121 fragmenta—

864 2124 964 2156 risch.
992 2135 1016 2156 S.
1047 2135 1073 2155 c.
1107 2127 1156 2160 13,
1176 2128 1207 2164 4,
1236 2124 1411 2166 beriehtct,
1441 2137 1477 2158 so
1499 2126 1542 2158 ist

864 2180 898 2202 es
927 2170 1080 2211 lniiglieh.
1113 2171 1187 2201 dass
1215 2180 1250 2202 er
1278 2170 1330 2201 bei
1355 2171 1446 2203 einer
1464 2172 1540 2214 spii-

862 2220 956 2247 teren
985 2214 1242 2247 Gesandtscbat't
1263 2216 1441 2257 betheiligt
1458 2227 1541 2256 war,

864 2261 930 2302 x‘gl.
966 2262 1050 2292 auch
1087 2261 1210 2292 Lucian
1248 2260 1333 2293 Dial.
1364 2267 1459 2294 mort.
1491 2264 1539 2296 12.

865 2325 900 2329 ν-
934 2313 962 2339 ec
994 2325 1035 2329 -
1061 2309 1163 2347 eciam,
1195 2309 1248 2347 36,
1283 2309 1332 2348 16,
1370 2310 1399 2341 2.
1438 2320 1540 2341 unum

861 2360 898 2385 et.
936 2357 1021 2385 setzt
1062 2363 1205 2393 voraus,
1228 2354 1316 2384 ’dass
1356 2357 1539 2387 collocutum

862 2399 1020 2430 bedente:
1057 2408 1093 2430 er
1131 2399 1214 2430 habe
1256 2398 1327 2430 sich
1370 2399 1540 2431 mehrfach

861 2444 921 2475 mit
947 2444 982 2475 Η.
1012 2445 1233 2476 unterhalten.
1263 2462 1299 2467 ——
1329 2447 1539 2484 respondisse,

862 2490 903 2521 da
932 2491 1054 2521 vorher
1084 2492 1271 2529 Hannibal,
1317 2490 1469 2531 obgleich
1504 2500 1538 2522 es

861 2535 965 2567 leicht
991 2536 1130 2577 ergiinzt
1156 2535 1289 2568 werden
1315 2536 1447 2577 konnte,
1480 2546 1539 2567 zu-
