1747 2841
132 563 188 603 13

210 116 288 158 108

628 115 753 149 LIBER
777 114 941 148 XXXVI.
966 113 1059 148 CAP.
1087 117 1137 149 12.
1162 115 1212 149 13.

1477 122 1504 141 a.
1525 121 1555 141 u.
1574 114 1635 141 563.

147 220 186 252 10
207 218 424 258 Leucadem
456 220 562 258 venit
590 218 842 270 implevitque
872 217 953 268 spei
984 218 1111 257 socios
1141 218 1203 257 Μ’.
1234 217 1400 256 Acilium
1432 218 1634 258 consulem

206 276 282 315 iam
305 288 396 315 cum
414 275 633 327 legionibus
655 287 760 314 mare
779 274 973 313 traiecisse
995 279 1033 313 et
1054 274 1093 312 in
1106 274 1302 314 Thessalia
1325 281 1447 314 castra
1457 275 1635 314 Romana

147 343 185 375 11
207 345 303 371 esse.
352 332 459 371 hunc
489 344 691 371 rumorem
724 331 811 381 quia
842 330 1008 369 similem
1039 331 1120 369 veri
1149 337 1302 382 tempus
1325 331 1417 370 anni
1437 337 1635 370 maturum
1677 361 1682 364 .

206 389 282 428 iam
313 389 360 427 ad
390 388 653 439 navigandum
682 387 852 433 faciebat,
882 399 951 426 rex
973 387 1167 438 praesidio
1190 388 1370 427 Medione
1391 387 1575 439 imposito
1599 394 1637 427 et

208 446 247 484 in
280 445 514 496 quibusdam
537 444 618 483 aliis
641 443 879 483 Acarnaniae
909 443 1063 494 oppidis
1095 443 1272 495 Thyrreo
1304 443 1491 483 abscessit
1509 450 1545 483 et
1565 456 1637 495 per

208 502 378 541 Aetoliae
401 514 445 540 ac
464 500 648 539 Phocidis
671 500 777 539 urbis
800 500 1019 539 Chalcidem
1040 499 1149 539 redit.

323 557 403 597 Sub
433 557 537 596 idem
568 563 722 608 tempus
753 557 802 595 M.
833 555 999 595 Baebius
1030 562 1067 595 et
1094 555 1298 607 Philippus
1328 569 1409 603 rex,
1441 555 1518 595 iam
1547 561 1642 595 ante·

209 627 280 665 per
299 614 469 653 hiemem
489 614 531 652 in
555 613 782 653 Dassaretiis
815 612 1028 664 congressi,
1051 625 1142 652 cum
1162 613 1233 663 Ap.
1253 612 1470 660 Claudium,
1496 618 1539 652 ut
1562 612 1635 651 ob—

169 673 188 705 2
209 671 360 710 sidione
382 670 554 709 Larisam
577 670 774 716 eximeret,
804 670 844 708 in
864 669 1102 708 Thessaliam
1123 669 1332 716 misissent,
1363 669 1453 720 quia
1474 668 1513 708 id
1534 675 1636 708 tem·

208 739 282 778 pus
313 727 432 766 rebus
455 726 635 778 gerendis
654 727 904 766 immaturam
926 732 1016 772 erat,
1044 726 1085 764 in
1106 725 1268 764 hiberna
1289 725 1468 777 regressi,
1487 725 1636 777 princi-

170 789 189 821 3
209 784 274 835 pio
295 784 396 823 veris
418 783 635 822 coniunctis
657 783 778 834 copiis
800 783 841 822 in
862 782 1102 833 Thessaliam
1123 782 1422 821 descenderunt.
1452 782 1493 820 in
1514 783 1637 821 Acar-

211 841 325 879 nania
347 846 430 879 tum
448 840 665 879 Antiochus
687 845 778 878 erat.
818 839 1066 878 advenientes
1095 838 1298 890 Philippus
1315 839 1514 878 Malloeam
1537 838 1636 877 Per—

207 897 399 942 rhaebiae,
421 896 586 935 Baebius
597 896 785 934 Phacium
805 896 1100 947 estadgressus3
1123 907 1201 946 quo
1214 895 1341 946 primo
1354 895 1638 946 propeimpetu

168 956 189 989 4
210 960 320 1004 capto
352 953 561 992 Phaestum
594 952 728 991 eadem
761 952 950 992 celeritate
982 952 1093 1003 capit.
1140 951 1231 990 inde
1261 952 1442 1003 Atragem
1474 963 1565 990 cum
1596 964 1638 991 se

210 1010 438 1060 recepisset,
470 1009 639 1060 Cyretias
670 1009 762 1047 111116
792 1015 829 1048 61
857 1009 1022 1048 Eritium
1052 1014 1228 1059 occupat,
1258 1008 1538 1059 praesidiisque
1566 1020 1638 1059 per

207 1072 363 1117 recepta
395 1066 536 1117 oppida
566 1065 763 1116 dispositis
784 1065 963 1117 Philippo
990 1077 1130 1104 rursus
1160 1064 1354 1104 obsidenti
1376 1064 1576 1103 MaHoeam
1596 1076 1638 1103 se

171 1134 190 1165 5
210 1123 423 1174 coniungit.
466 1122 538 1161 sub
570 1122 780 1161 adventum
810 1122 978 1161 Romani
1005 1122 1196 1160 exercitus
1226 1134 1296 1160 seu
1321 1121 1367 1160 ad
1399 1127 1547 1160 metum
1577 1121 1637 1160 vi-

210 1179 313 1219 rium
337 1192 405 1218 seu
429 1178 474 1217 ad
496 1191 607 1229 spem
630 1178 765 1217 veniae
787 1190 876 1218 cum
898 1178 1138 1217 dedidissent
1159 1190 1256 1224 sese,
1279 1178 1325 1216 ad
1353 1190 1396 1216 ea
1416 1177 1638 1229 recipienda

170 1247 189 1279 6
211 1235 364 1286 oppida,
386 1247 484 1286 quae
498 1236 733 1274 Athamanes
756 1241 1053 1285 occupaverant,
1077 1247 1157 1273 uno
1180 1234 1333 1285 agmine
1355 1235 1496 1273 ierunt.
1528 1240 1638 1273 erant

208 1299 337 1331 autem
360 1292 475 1330 haec:
496 1292 701 1342 Aeginium
725 1291 939 1330 Ericinium
961 1291 1128 1342 Gomphi
1147 1291 1274 1330 Silana
1297 1291 1431 1329 Tricca
1451 1290 1638 1330 Meliboea

209 1404 249 1435 da
283 1403 426 1443 Atilius,
470 1403 548 1434 weil
581 1402 652 1434 sein
686 1401 889 1444 Nachfolger

208 1449 292 1480 noch
318 1448 409 1480 1116111
436 1448 617 1489 angelangt
641 1448 706 1487 ist,
746 1459 770 1480 s.
803 1458 829 1479 6.
856 1449 887 1490 2,

208 1496 249 1533 6,
277 1493 480 1535 wenigstens
499 1501 694 1534 propraetor
722 1503 885 1535 gewesen,

209 1539 273 1571 wie
310 1539 449 1571 Baebius
479 1549 505 1572 c.
535 1542 573 1580 ὅ,
618 1541 657 1581 6;
696 1538 888 1571 Perizonius

210 1586 398 1623 vermuthet
423 1588 552 1626 Zeyatecs.
572 1603 614 1607 —
626 1596 793 1625 praepos„
830 1595 889 1616 nur

209 1630 493 1671 voriibergehend,
532 1630 625 1661 1116111
649 1630 713 1662 wie
742 1630 795 1662 die
818 1642 889 1662 ma-

206 1679 361 1718 qistratus
406 1677 459 1716 38,
496 1678 547 1716 11,
584 1678 621 1715 5;
653 1677 750 1708 Aetz'l.
784 1675 890 1708 heisst

209 1733 235 1753 c.
256 1723 297 1755 20
309 1724 513 1764 praefeecus3
527 1721 612 1752 nach
631 1722 686 1758 38,
705 1723 735 1757 9,
758 1723 808 1761 10,
821 1722 888 1762 vgl.

209 1769 263 1808 37,
279 1769 329 1807 13,
346 1769 397 1807 11,
410 1766 686 1809 hatCephallenia
696 1766 767 1798 sich
777 1777 817 1798 zu
827 1767 889 1798 den

208 1813 367 1845 Aetolern
394 1813 562 1853 gehalten.
583 1830 623 1834 —-
641 1824 712 1844 elem
737 1815 805 1854 leq„
833 1814 888 1855 35,

213 1859 263 1898 12,
297 1859 346 1891 12.
368 1875 408 1880 ——
432 1865 566 1898 temp„a.
582 1857 649 1899 vgl.
671 1868 697 1889 e.
719 1860 771 1898 14,
797 1860 824 1891 1.
845 1876 889 1880 —

207 1905 359 1944 Medion„
388 1905 440 1942 31,
471 1905 521 1944 18,
550 1904 587 1937 S:
617 1906 759 1942 imposito
776 1905 892 1944 Abydi

200 1951 386 1990 praesidio;
411 1951 466 1989 43,
495 1951 546 1990 19,
577 1951 605 1982 1.
643 1967 689 1971 -—
721 1960 782 1988 per
806 1952 890 1989 Aet„

209 1995 267 2027 der
294 2005 320 2026 c.
351 1997 402 2035 11,
431 1998 450 2027 5
475 1994 692 2027 bezeichnete
719 1994 818 2035 VVeg.

259 2037 325 2077 13.
373 2040 512 2072 Baebius
547 2040 613 2072 und
650 2039 821 2083 Philippus
856 2040 888 2071 in

209 2085 415 2118 Thessalica.
464 2085 584 2118 Zonar.
611 2087 642 2126 9,
674 2087 728 2120 19.

259 2133 354 2165 1—4.
374 2143 436 2171 per
452 2133 544 2164 hiem.
572 2141 600 2165 6.
623 2133 674 2172 10,
707 2133 756 2165 13.
777 2149 820 2153 —
837 2132 889 2162 1ιὶ-

208 2179 317 2217 berna,
345 2177 398 2209 die
425 2177 482 2209 des
507 2176 647 2209 Baebius
675 2176 708 2208 in
733 2177 792 2209 der
821 2175 889 2208 Ge-

209 2223 293 2263 gend
316 2233 379 2254 von
408 2222 607 2265 Apollonia,
637 2224 697 2263 35,
724 2224 777 2256 24.
797 2240 841 2244 —
858 2224 894 2254 in

209 2270 358 2307 Thessal„
385 2268 453 2299 wol
477 2268 603 2300 wieder
630 2268 733 2300 durch
755 2266 890 2310 Tempe,

210 2314 251 2344 da
269 2312 439 2354 Phaloria,
467 2325 493 2345 S.
522 2315 575 2355 32,
602 2315 652 2354 15,
679 2324 715 2345 so
741 2314 815 2356 sp'at
832 2323 890 2354 ge-

211 2368 359 2391 nommen
384 2359 478 2391 wird.
512 2378 556 2381 -—
588 2360 774 2400 Pero-haee„
816 2359 891 2390 dass

210 2414 251 2435 zu
289 2403 411 2436 diesem
436 2404 595 2437 Districte
628 2404 679 2436 die
708 2404 804 2436 Stadt
832 2414 891 2445 ge-

208 2450 316 2490 h‘o'rte,
341 2450 422 2490 geht
442 2450 562 2482 claraus
589 2451 724 2490 hervor,
752 2450 828 2482 dass
843 2449 891 2481 sie

208 2495 294 2526 nach
320 2505 346 2526 c.
379 2498 429 2535 10,
460 2498 478 2528 5
498 2506 534 2527 so
555 2496 640 2528 nahe
661 2495 715 2527 bei
734 2496 792 2527 der
813 2494 890 2526 Tri-

208 2540 292 2581 polis
310 2541 376 2581 lag,
397 2541 524 2573 welche
538 2540 656 2583 Polyb.
677 2543 731 2581 23,
751 2543 789 2574 13
804 2541 890 2572 auch

959 1413 999 1434 zu
1024 1401 1247 1434 Perrhaebien
1274 1402 1422 1442 rechnet,
1444 1413 1470 1434 s.
1500 1403 1554 1443 39,
1580 1402 1637 1443 25,

960 1450 1020 1491 16;
1042 1450 1079 1481 6:
1107 1450 1144 1480 de
1167 1449 1421 1480 Perrhaeborum
1440 1466 1480 1470 —
1500 1449 1636 1488 oppidis.

958 1512 1001 1516 -—
1026 1495 1121 1526 Pluto.
1149 1512 1193 1516 —
1219 1495 1357 1534 Phaest„
1384 1503 1424 1525 zu
1442 1494 1496 1534 32,
1529 1494 1580 1534 13,
1607 1494 1638 1527 8.

958 1558 999 1562 -
1027 1541 1156 1581 Atraq„
1183 1539 1290 1571 dieses
1316 1539 1360 1570 ist
1389 1549 1415 1570 6.
1448 1540 1499 1579 10,
1528 1540 1547 1572 2
1573 1536 1639 1571 frei

959 1584 1142 1625 gehliehen.
1185 1603 1227 1607 —
1271 1587 1394 1625 Cyrea,
1434 1594 1461 1615 6.
1503 1586 1560 1623 10,
1606 1585 1637 1617 3.

957 1632 1055 1670 Erit„
1081 1629 1114 1661 in
1140 1629 1198 1662 der
1222 1629 1319 1661 N'ahe
1347 1630 1403 1662 (les
1428 1629 1477 1661 Fl.
1503 1629 1638 1662 Titare-

959 1675 1037 1715 sios,
1063 1675 1202 1707 Bursian
1231 1677 1260 1715 1,
1288 1677 1340 1709 57.

1006 1768 1104 1800 5-9.
1124 1768 1181 1798 sub
1198 1768 1282 1806 adv,
1310 1764 1331 1807 ξ
1360 1767 1396 1805 13
1430 1766 1484 1805 37,
1503 1767 1534 1805 6,
1561 1766 1580 1798 3
1606 1776 1639 1798 u.

959 1822 988 1843 o.
1029 1814 1073 1844 ad
1103 1818 1173 1844 met.
1206 1830 1249 1834 —
1273 1814 1317 1843 ad
1339 1822 1406 1851 sp„
1440 1821 1467 1842 c.
1505 1811 1564 1851 12,
1599 1812 1641 1851 63

959 1858 1013 1895 32,
1041 1860 1071 1897 5,
1101 1859 1138 1897 33
1167 1858 1198 1897 3,
1229 1859 1279 1897 11,
1308 1859 1347 1890 10
1372 1868 1402 1888 u.
1429 1867 1457 1888 0.
1485 1874 1528 1879 —v
1557 1867 1641 1898 quae

957 1901 1102 1944 Aeliam„
1128 1903 1171 1934 im
1193 1902 1237 1935 W
1240 1906 1333 1934 eston
1347 1901 1570 1943 Thessaliens,
1597 1912 1641 1933 an

959 1949 1018 1980 der
1056 1948 1185 1980 Grenze
1222 1958 1288 1979 vou
1325 1947 1556 1979 Athamanien.
1593 1965 1641 1970 —

957 1996 1074 2036 Aeqe’n.
1092 1996 1222 2026 Phalor.
1249 1994 1302 2033 32,
1328 1995 1386 2032 15;
1413 1995 1552 2033 Ericin„
1570 1992 1641 2034 vgl-

960 2041 1019 2079 39,
1051 2041 1112 2079 25,
1145 2040 1204 2079 16,
1237 2039 1323 2070 11·1ι·(1
1346 2038 1411 2070 wie
1437 2040 1550 2071 Silana
1578 2049 1641 2070 nur

959 2096 1023 2116 von
1070 2085 1104 2117 L.
1146 2085 1318 2123 erw'ahnt,
1361 2083 1641 2116 wahrscheinlich

958 2130 1058 2172 lagen
1086 2130 1134 2162 sie
1159 2130 1192 2161 in
1215 2130 1273 2162 der
1290 2129 1385 2161 Niihe
1406 2140 1471 2161 von
1492 2131 1638 2171 Gomphi,

960 2178 1014 2216 33,
1031 2178 1085 2216 34,
1110 2178 1161 2215 11,
1179 2175 1322 2207 welches
1341 2175 1412 2207 also
1430 2175 1522 2207 nicht
1541 2175 1641 2217 lange

961 2222 995 2253 in
1024 2222 1095 2253 dem
1116 2221 1245 2253 Besitze
1270 2222 1328 2253 (161·
1347 2220 1556 2253 Athamanen
1580 2230 1641 2262 ge-

961 2267 1092 2299 hlieben
1129 2267 1183 2298 ist.
1243 2268 1351 2299 Melib.
1389 2266 1422 2298 in
1463 2267 1521 2298 der
1544 2265 1640 2299 N'ahe

962 2323 1027 2344 von
1046 2312 1231 2353 Aeginium,
1261 2324 1286 2344 5.
1306 2315 1360 2353 44,
1390 2313 1450 2355 133
1479 2313 1542 2354 463
1563 2312 1640 2344 dass

961 2358 1013 2390 die
1069 2358 1186 2390 Stiidte
1245 2367 1436 2399 genommen
1489 2357 1642 2398 wurden,

961 2404 1074 2436 deutet
1087 2414 1149 2435 nur
1162 2406 1205 2436 ad
1216 2415 1252 2436 ea
1264 2405 1443 2443 recipienda
1462 2405 1569 2436 ierunt
1585 2413 1642 2444 an,

959 2449 1029 2490 vgl.
1060 2451 1094 2489 1,
1125 2450 1187 2487 33,
1215 2451 1246 2483 5.
1302 2449 1397 2480 Aue-h
1422 2450 1483 2488 39,
1515 2450 1568 2487 25,
1597 2449 1640 2491 3;

961 2496 1013 2535 16,
1030 2495 1164 2527 werden
1174 2493 1291 2526 Tricca
1311 2493 1470 2526 Phaloria
1494 2493 1641 2525 Malloea

958 2539 1138 2572 Ericinium
1188 2540 1237 2571 als
1289 2550 1351 2571 von
1400 2538 1484 2571 Phil.
1527 2539 1643 2580 einge-
