1747 2841
139 108 168 127 a.
187 99 236 128 Ch.
259 100 316 128 ¹90.
554 100 677 134 LIBER
707 100 885 134 xxxvn.
918 101 1011 135 CAP.
1041 104 1090 137 15.
1121 104 1170 136 16.

1490 101 1571 146 183

140 205 314 256 aperturi
337 210 509 256 portum,
531 215 648 255 quam
670 202 924 243 obstruatur?
954 204 1014 243 sin
1036 209 1164 243 autem
1189 205 1426 244 manendum
1438 205 1490 244 ibi
1505 207 1567 246 ni-

144 262 222 301 hilo
256 261 385 300 minus
411 261 470 307 sit,
497 260 589 311 quid
621 260 782 299 attinere
813 261 938 300 claudi
969 257 1159 311 portum?
1198 261 1293 311 quin
1315 267 1448 300 contra
1470 262 1567 309 illos,
1588 274 1607 305 3

144 318 336 357 tutissimo
365 323 493 368 portu,
524 317 815 367 opulentissima
846 317 943 356 urbe
972 316 1150 362 fruentis,
1183 317 1313 356 onmia
1333 318 1422 356 Asia
1452 331 1567 369 prae-

145 374 259 413 bente
285 373 413 425 quieta
443 373 583 412 aestiva
614 379 790 420 acturos;
822 374 1020 413 Romanos
1050 379 1182 423 aperto
1205 374 1243 411 in
1268 374 1363 412 mari
1386 374 1566 414 fluctibus

144 430 514 481 tempestatibusque
540 430 722 477 obiectos,
755 431 931 470 omnium
963 431 1112 480 inopes,
1144 429 1183 467 in
1215 430 1373 469 adsidua
1404 431 1567 470 statione

145 489 312 533 futuros,
334 487 440 538 ipsos
456 487 577 537 magis
603 487 786 538 adligatos
810 486 1107 537 impeditosque,
1130 486 1282 537 nequid
1297 499 1446 534 eornm,
1470 500 1567 537 qnae
1586 502 1607 534 4

143 543 291 594 agenda
331 544 427 590 sint,
469 543 619 594 possint
660 556 793 595 agere,
838 555 954 594 quam
987 549 1028 581 ut
1059 543 1178 581 hostis
1207 543 1358 582 clausos
1389 544 1565 583 habeant.

142 599 342 639 Eudamus
381 602 599 651 praefectus
626 600 798 639 Rhodiae
837 600 967 638 classis
998 599 1117 650 magis
1148 612 1233 637 eam
1260 600 1331 638 sibi
1364 600 1565 651 displicere
1587 607 1606 638 5

143 656 373 695 sententiam
404 657 582 703 ostendit,
613 669 729 708 qnam
755 657 849 707 ipse,
882 656 974 706 quid
997 662 1173 694 censeret
1192 656 1426 703 faciendum,
1457 657 1565 696 dixit.

143 712 340 763 Epicrates
370 713 546 752 Rhodius
574 714 716 752 omissa
746 713 785 751 in
817 713 1033 763 praesentia
1052 712 1206 763 Epheso
1236 713 1461 752 mittendam
1493 726 1564 753 na-
1584 720 1605 752 6

143 770 249 808 vium
269 775 416 820 partem
439 770 477 808 in
501 770 655 821 Lyciam
678 769 838 815 censuit,
869 775 905 807 et
924 769 1068 814 Patara,
1090 775 1205 819 caput
1225 770 1359 818 gentis,
1378 770 1418 808 in
1438 770 1564 809 socie-

143 831 259 865 tatem
290 826 544 877 adiungenda.
586 827 626 865 in
658 826 753 864 duas
775 837 932 876 magnas
956 838 1018 864 res
1038 825 1076 863 id
1100 825 1189 864 usui
1210 828 1304 873 l'ore,
1334 832 1370 865 et
1392 826 1565 866 Rhodios
1587 840 1604 870 -ι

143 883 286 933 pacatis
327 889 461 921 contra
496 883 661 921 insulam
692 894 804 921 suam
829 882 940 921 terris
972 882 1062 921 totis
1091 882 1239 921 viribus
1270 882 1495 922 incumbere
1526 883 1565 922 in

143 940 260 978 unius
287 932 385 985 belli,
418 939 523 989 quod
547 939 732 977 adversus
755 939 990 977 Antiochum
1011 940 1070 985 sit,
1102 950 1235 977 curam
1259 951 1386 990 posse,
1418 946 1454 978 et
1480 952 1565 978 eam
1584 946 1603 978 8

141 996 316 1041 classem,
339 1007 436 1046 quae
457 996 497 1035 in
521 995 647 1034 Cilicia
668 1002 973 1046 compararetur,
993 995 1210 1041 intercludi,
1235 1008 1283 1034 ne
1304 995 1564 1047 Polyxenidae

141 1053 413 1102 coniungatur.
456 1052 549 1090 haec
580 1053 746 1091 maxime
777 1052 898 1091 movit
924 1052 1135 1098 sententia3
1167 1052 1309 1103 placuit
1335 1058 1462 1091 tamen
1484 1053 1563 1092 Re·
1583 1060 1602 1092 9

140 1109 270 1159 gilium
303 1108 420 1147 classe
450 1114 525 1148 tota
557 1108 666 1147 evehi
697 1108 743 1147 ad
769 1115 928 1160 portum
958 1109 1101 1159 Ephesi
1131 1109 1178 1147 ad
1206 1109 1457 1148 inserendum
1488 1110 1563 1148 ho-

139 1165 263 1203 subus
294 1171 496 1204 terrorem.

253 1221 292 1260 C.
314 1221 445 1260 Livius
469 1234 557 1260 cum
581 1221 731 1260 duabus
754 1221 1104 1272 quinqueremibus
1117 1222 1303 1261 Romanis
1325 1228 1361 1261 et
1381 1228 1564 1273 qnattuor
1587 1231 1642 1271 16
1695 1229 1747 1286 07

140 1277 454 1329 quadriremibus
476 1278 638 1317 Rhodiis
669 1284 705 1317 et
735 1278 885 1317 duabus
917 1278 1059 1329 apertis
1091 1279 1314 1329 Zmyrnaeis
1341 1279 1382 1317 in
1405 1279 1563 1330 Lyciam

139 1340 197 1373 est
230 1335 385 1381 missus,
416 1334 600 1373 Rhodum
626 1336 734 1385 prius
764 1335 896 1373 iussus
927 1335 1031 1373 adire
1061 1341 1097 1373 et
1118 1335 1248 1374 omnia
1273 1347 1362 1373 cum
1384 1335 1430 1374 iis
1453 1348 1563 1374 com-

140 1391 339 1433 municare
363 1391 532 1429 consilia.
561 1391 742 1438 civitates,
767 1403 862 1441 quas
883 1398 1170 1442 praetervectus
1193 1398 1260 1439 est,
1281 1392 1432 1431 Miletus
1446 1393 1563 1443 Myn-
1582 1396 1602 1427 2

139 1447 212 1486 dus
243 1447 533 1486 Halicarnassus
554 1448 699 1487 Cnidus
723 1448 838 1493 Cous,
871 1449 1058 1499 imperata
1088 1448 1199 1487 enixe
1226 1450 1414 1488 fecerunt.
1452 1448 1563 1488 Rho·
1582 1460 1602 1492 3

134 1581 283 1610 rumpere
308 1573 414 1611 vz'am;
456 1571 494 1610 2,
537 1571 598 1610 60,
625 1571 644 1603 9
672 1572 813 1612 colliyere
883 1572 925 1612 λη
955 1567 1065 1608 πόλις
1090 1572 1221 1616 λιμένα
1244 1571 1379 1615 ἔχουσα
1398 1572 1460 1604 καὶ
1481 1568 1562 1618 ἱερὰ

136 1618 261 1658 orbem3
288 1615 331 1647 ib.
357 1620 374 1655 ξ
397 1617 427 1648 7.
442 1618 590 1648 ——aenoles
614 1634 657 1638 ——
681 1618 811 1657 molina„

131 1661 335 1693 absichtlich
384 1661 720 1702 zusammengestellt.
769 1679 814 1684 ———

131 1709 185 1739 sin
220 1713 323 1740 autem
349 1707 433 1738 nach
458 1710 522 1739 sive
545 1707 811 1748 ungewo'hnlich.

135 1752 201 1785 Cic.
216 1752 312 1785 Tusc.
330 1754 358 1795 1,
377 1755 432 1793 41,
462 1755 504 1786 97
516 1751 562 1796 ᾗ,
587 1753 657 1784 Att.
677 1755 709 1795 7,
735 1755 766 1791 3,
792 1754 811 1786 2

133 1809 165 1830 u.
192 1808 242 1839 a.,
270 1797 339 1840 vgl.
366 1799 428 1839 36,
456 1801 494 1838 5,
520 1799 549 1831 6.
578 1818 617 1822 -
643 1800 723 1840 quid
745 1805 811 1838 act„

133 1843 201 1885 vgl.
240 1846 299 1884 10,
349 1845 408 1884 13,
454 1845 504 1877 10.
531 1862 573 1866 ——
598 1847 754 1877 tutissimo
775 1855 811 1884 p.

131 1889 219 1920 kann
260 1889 309 1921 als
343 1888 530 1931 Gegensatz
562 1901 602 1922 zu
635 1897 742 1930 aperto
777 1893 811 1922 in

134 1938 218 1968 mari
236 1933 290 1967 fiir
303 1934 374 1966 sich
392 1945 594 1976 genommen,
620 1936 701 1968 aber
727 1936 811 1967 auch

132 1990 197 2011 von
243 1983 395 2023 fruentis
441 1981 611 2023 abhiingig
658 1982 812 2022 gemacht

132 2026 276 2058 werden.
304 2044 346 2049 —
370 2029 498 2067 aestiva,
518 2027 582 2059 wie
609 2037 684 2058 vom
701 2026 812 2058 Land-

132 2072 243 2110 heere,
267 2081 294 2103 c.
320 2074 351 2111 5,
378 2074 408 2106 4.
437 2090 481 2094 —
506 2074 607 2104 adsid.
635 2079 720 2112 stat„
744 2073 811 2114 vgl.

133 2119 185 2158 10,
209 2119 264 2158 21,
287 2119 344 2151 10:
372 2120 407 2149 in
424 2120 586 2150 stationem
600 2125 812 2159 perpetuam;

131 2164 187 2201 23,
217 2165 268 2196 16.
300 2166 328 2196 5.

177 2210 196 2241 6
204 2211 278 2242 -8.
303 2210 433 2248 Patara,
448 2219 489 2240 au
500 2209 559 2241 der
570 2209 810 2241 Siidwestseite

132 2253 288 2296 Lyciens.
317 2253 377 2285 auf
399 2253 492 2286 einer
511 2254 642 2287 kleinen
661 2254 810 2295 Anhiihe,

128 2304 220 2331 etwa
266 2301 285 2332 2
322 2299 469 2331 Stunden
502 2299 622 2332 iistlich
655 2311 720 2332 von
754 2300 812 2332 der

130 2344 301 2386 Miindung
327 2345 382 2377 des
410 2344 587 2388 Xanthus3
621 2346 682 2378 der
705 2345 809 2377 Hafen

130 2390 174 2422 ist
202 2390 234 2422 iu
265 2391 323 2422 det·
344 2390 439 2422 Niihe
465 2391 521 2423 des
533 2390 559 2431 j.
581 2390 709 2423 Furuas
726 2392 808 2422 noch

128 2446 170 2467 zu
194 2436 372 2476 erkennen‚
406 2436 487 2468 aber
504 2436 695 2479 versumpl't,
714 2436 806 2469 Stra-

126 2480 168 2512 bo
203 2483 265 2524 14,
293 2483 329 2522 3,
358 2484 376 2515 6
404 2492 431 2524 p.
458 2483 541 2516 666:
576 2479 670 2528 μετὰ
698 2481 738 2515 δὲ
765 2500 810 2505 —

123 2523 285 2563 Ξάνθον
311 2524 466 2575 Πάταρα
491 2529 552 2561 καὶ
582 2541 672 2570 αυτη
692 2524 809 2573 μεγά-

880 1612 1131 1657 Ἀπόλλωνος,
1170 1617 1226 1648 das
1253 1616 1378 1649 Orakel
1404 1627 1476 1648 war
1502 1617 1563 1649 be-

882 1663 1005 1701 riihmt,
1032 1672 1056 1693 s.
1079 1661 1154 1693 Hor.
1174 1661 1234 1693 od.
1262 1664 1292 1703 3,
1319 1665 1350 1702 4,
1374 1664 1427 1696 64.
1447 1681 1487 1685 —
1507 1674 1558 1695 ca-

877 1714 938 1747 put
958 1719 988 1749 q.
1015 1707 1079 1739 wie
1107 1709 1167 1748 21,
1196 1710 1233 1748 5,
1260 1710 1299 1748 43
1324 1707 1366 1740 ib.
1392 1709 1460 1748 39,
1486 1711 1506 1742 4
1530 1720 1561 1741 u.

881 1763 929 1792 a.,
958 1752 1026 1795 vgl.
1057 1755 1118 1793 35,
1146 1755 1198 1794 51,
1230 1755 1280 1787 10.
1311 1772 1356 1776 —
1381 1756 1417 1786 in
1444 1756 1474 1786 d.
1499 1765 1561 1797 res,

881 1809 907 1830 s.
933 1801 977 1840 4,
1002 1800 1042 1839 6,
1071 1801 1102 1832 2.
1126 1817 1167 1821 -ν
1197 1800 1324 1840 Cilicia,
1353 1810 1378 1831 s.
1404 1810 1446 1831 zu
1473 1810 1500 1831 c.
1528 1802 1559 1840 8,

883 1846 912 1877 3,
951 1863 991 1867 ——
1027 1847 1143 1886 movit,
1169 1844 1228 1876 der
1247 1844 1389 1877 Einssuss
1414 1845 1480 1877 und
1507 1845 1560 1877 die

881 1889 1077 1931 Th'atigkeit
1091 1891 1149 1922 der
1162 1889 1320 1930 Rhodier,
1345 1902 1371 1923 s.
1394 1901 1435 1923 zu
1452 1901 1479 1922 c.
1506 1893 1559 1932 54,

882 1938 949 1978 28,
989 1946 1062 1968 war
1093 1935 1159 1967 wol
1191 1946 1255 1967 von
1289 1935 1406 1979 Polyb.
1431 1936 1504 1968 hier
1528 1947 1559 1969 u.

881 1982 924 2013 im
943 1981 969 2013 F
973 1981 1036 2023 olg.
1062 1992 1098 2014 so
1116 1982 1388 2023 hervorgehoben
1409 1982 1558 2023 worden,

881 2027 946 2059 wie
971 2037 1006 2060 es
1032 2027 1069 2059 L,
1096 2027 1259 2059 darstellt.

931 2070 997 2109 16.
1025 2072 1225 2115 Expedition
1253 2073 1336 2104 nach
1361 2072 1497 2115 Lycien.

930 2120 1026 2152 1—3.
1052 2121 1203 2159 Zmyrna,
1223 2129 1248 2150 S.
1265 2121 1318 2160 35,
1337 2119 1389 2158 16,
1410 2120 1449 2160 33
1476 2118 1559 2150 auch

881 2164 933 2196 die
961 2163 982 2206 ξ
1016 2166 1034 2197 2
1073 2168 1258 2205 genannten
1283 2164 1401 2195 Stadte
1427 2164 1557 2204 stehen,

880 2210 945 2241 wie
969 2213 1080 2249 imper.
1113 2212 1203 2241 enixe
1227 2210 1294 2250 sec.
1332 2209 1430 2250 zeigt,
1455 2210 1556 2241 sehon

881 2255 940 2286 auf
961 2255 1020 2287 der
1043 2254 1134 2287 Seite
1164 2256 1222 2286 der
1241 2255 1360 2287 Ro'mer
1384 2254 1449 2286 und
1466 2254 1556 2286 Rho-

881 2300 961 2339 dier,
990 2312 1016 2332 s.
1041 2310 1068 2331 c.
1098 2302 1147 2339 11,
1176 2301 1234 2343 133
1264 2302 1323 2341 143
1354 2301 1403 2340 10,
1434 2302 1485 2334 11.
1512 2318 1558 2323 ——-

879 2349 921 2378 iis
957 2345 1086 2378 erkltirt
1127 2346 1198 2377 sich
1229 2356 1287 2378 aus
1323 2348 1479 2379 Rlaodwm.
1512 2364 1557 2370 —

873 2399 1033 2432 praeterv.
1060 2391 1124 2423 wie
1152 2390 1173 2432 ξ
1201 2393 1241 2434 6;
1276 2393 1333 2430 14;
1374 2402 1400 2422 c.
1431 2393 1489 2431 13,
1519 2394 1558 2433 13

883 2440 943 2478 17,
972 2440 990 2470 3
1016 2449 1046 2469 u.
1075 2447 1115 2477 a.,
1141 2441 1233 2469 sonst
1257 2438 1341 2468 auch
1363 2443 1557 2477 praevectus,

880 2485 935 2521 24,
962 2485 1016 2521 44,
1047 2484 1096 2516 10.
1127 2501 1170 2505 --
1195 2484 1363 2515 Halicarn.
1391 2484 1481 2515 C'm'd.
1511 2485 1555 2522 0.,

880 2529 932 2560 die
962 2528 1085 2560 Worte
1111 2528 1215 2560 finden
1248 2528 1320 2560 sich
1345 2539 1405 2561 nur
1432 2528 1465 2560 iu
1498 2528 1557 2560 der
