1747 2841
176 129 259 171 232
619 129 744 162 LIBER
776 129 954 163 XXXVII.
987 130 1080 163 CAP.
1108 133 1162 166 43.

1441 138 1469 158 a.
1491 138 1518 157 11.
1534 130 1596 158 564.

177 232 363 271 Aemilius
390 244 479 271 cum
506 245 577 272 sno
610 232 799 284 praesidio
829 255 883 260 —-—
915 239 1025 272 erant
1043 242 1172 274 autem
1193 235 1271 274 duo
1295 235 1396 274 milia
1419 235 1594 275 virorum

139 293 158 324 5
177 289 338 328 sortium
360 312 413 316 —-—
437 290 558 329 effuse
583 289 761 341 sequenti
782 290 860 340 regi
880 290 1018 328 acriter
1037 291 1193 339 obstitit,
1215 298 1252 331 et
1271 292 1430 338 Attalus,
1445 292 1592 331 Eume-

178 346 238 384 nis
255 348 383 391 frater,
417 345 463 384 ab
486 346 621 385 dextro
644 358 768 385 cornu
782 376 790 392 ‚
821 358 899 396 quo
929 346 1083 386 laevum
1103 349 1276 387 hostium
1298 348 1424 399 primo
1446 348 1594 399 impetu
1640 365 1644 369 ·

178 404 353 453 fugatum
385 405 520 449 fuerat,
551 410 594 442 ut
614 403 660 441 ab
684 403 840 441 sinistro
862 404 993 454 fugam
1015 417 1179 443 suorum
1203 410 1240 444 et
1262 405 1471 443 tumultum
1494 405 1593 443 circa
1640 411 1647 416 ‘

137 466 157 499 6
177 464 299 498 castra
323 459 425 505 vidit,
451 459 491 497 in
518 465 693 510 tempore
717 472 806 497 cuin
829 459 1004 498 ducentis
1025 461 1218 511 equitibus
1242 461 1405 500 advenit.

1455 461 1593 500 Antio-

182 516 278 553 chus
308 520 516 566 postquam
541 522 577 555 et
601 528 689 561 005,
718 528 890 566 quorum
921 522 1027 567 terga
1059 517 1175 555 modo
1206 518 1361 564 viderat,
1388 518 1595 568 repetentis

175 584 345 622 pugnum
378 578 415 610 et
438 572 549 610 aliam
583 579 620 611 et
639 586 658 611 a
683 572 815 610 castris
838 579 874 610 et
895 585 941 610 ex
962 574 1041 612 acie
1061 574 1294 613 adfluentem
1319 574 1472 613 turbam
1496 570 1604 613 con—'

137 640 156 670 τ
176 628 312 678 spexit,
340 629 381 666 in
413 631 542 679 sugam
570 630 682 668 vertit
706 640 863 679 equum.

913 629 962 668 ita
986 636 1154 680 utroque
1180 643 1304 669 cornu
1328 631 1491 669 victores
1511 632 1594 670 Ro-

177 685 281 723 mani
297 696 366 735 per
387 697 545 724 acervos
568 698 793 736 corporum,
815 697 914 735 quos
935 687 975 724 in
999 687 1122 725 media
1147 688 1311 725 maxime
1327 688 1405 725 acie
1417 688 1593 725 cumula-

176 747 322 787 verant,
338 741 456 780 ubi·et
476 742 596 780 robur
616 742 921 780 fortissimorum
942 743 1118 781 virorum
1140 750 1176 782 et
1198 756 1304 782 arma
1325 744 1506 794 gravitate
1528 745 1593 782 fu-

137 809 156 842 8
176 810 261 848 gani
288 798 553 849 impedierant,
581 805 749 849 pergunt
779 798 824 836 1111
860 806 981 838 casu-a
1013 800 1238 850 diripienda.

1301 801 1449 850 equites
1479 800 1595 850 primi

178 855 356 892 omnium
376 855 575 905 Eumenis?
603 856 741 893 deinde
761 861 797 894 et
818 855 913 894 alius
946 856 1136 906 equitatus
1171 863 1248 896 toto
1279 857 1422 906 passim
1453 868 1589 907 campo

175 917 361 949 secuntur
381 912 531 950 hostem
554 917 590 950 et
612 918 842 962 postremos,
875 918 915 950 ut
938 925 1116 962 quosque
1137 913 1263 964 adepti
1285 920 1386 959 sunt,
1418 913 1594 952 caedunt.

136 968 157 1000 9
177 973 347 1005 ceterum
376 968 613 1019 fugientibus
641 969 763 1006 maior
794 969 911 1019 pestis
937 970 1168 1008 intermixtis
1191 969 1386 1020 quadrigis
1407 970 1593 1020 elephan-

174 1024 299 1074 tisque
321 1030 358 1063 et
377 1025 529 1063 camelis
551 1031 631 1063 erat
660 1032 696 1063 et
716 1038 784 1064 sua
815 1025 992 1075 ipsorum
1017 1026 1140 1073 turba,
1170 1039 1259 1065 cum
1283 1026 1417 1065 solutis
1445 1026 1593 1065 ordini—

176 1079 250 1119 bus
276 1081 380 1119 velut
401 1081 501 1119 caeci
523 1094 641 1132 super
661 1082 753 1120 alios
774 1082 835 1120 alii
867 1088 1026 1121 ruerent
1051 1088 1087 1121 et
1108 1083 1269 1122 incursu
1293 1082 1496 1121 beluarum
1520 1082 1594 1122 ob-

117 1136 156 1169 10
175 1142 404 1176 tererentur.
434 1138 474 1176 in
496 1138 629 1176 castris
653 1150 811 1188 quoque
831 1138 968 1189 ingens
991 1145 1027 1177 et
1048 1140 1170 1178 maior
1190 1152 1312 1190 prope
1325 1152 1442 1189 quam
1457 1139 1498 1177 111
1513 1139 1592 1178 acie

177 1193 312 1232 caedes
343 1201 399 1232 est
418 1194 539 1232 edita:
572 1207 661 1232 nam
683 1200 719 1233 et
739 1195 959 1244 primorum
981 1197 1069 1245 fuga
1088 1196 1126 1234 in
1148 1202 1269 1234 castra
1293 1196 1459 1234 nimime
1479 1195 1593 1234 incli-

176 1251 290 1296 navit,
317 1257 353 1289 et
374 1251 489 1289 huius
510 1251 650 1288 fiducia
673 1251 941 1297 multitudinis,
966 1252 1033 1302 qui
1053 1252 1094 1290 in
1115 1253 1307 1302 praesidio
1330 1258 1448 1298 erunt,
1472 1253 1592 1302 perti-

116 1312 153 1344 11
175 1307 308 1345 nacius
338 1319 409 1357 pro
435 1307 532 1345 vallo
564 1316 799 1358 pugnarunt.

172 1511 413 1545 constituerunt
447 1511 477 1545 4
522 1510 666 1542 59.10.
700 1528 743 1531 —
773 1521 846 1550 quo,

174 1565 237 1585 von
264 1555 345 1588 deni
372 1566 397 1586 5.
420 1557 473 1594 21,
493 1557 546 1590 33
572 1556 675 1594 113⁹
656 1558 710 1595 -3,
736 1557 790 1595 45,
819 1556 848 1588 2

173 1618 218 1622 —
250 1602 337 1633 duee]
339 1603 391 1632 ztz's
421 1604 495 1639 etc.
531 1592 678 1642 dagegen
706 1600 788 1643 App
821 1611 847 1632 c.

173 1647 234 1679 36:
250 1642 419 1683 Antist-04·
443 1643 475 1678 δ’
494 1645 607 1679 αυτὸν
623 1664 666 1668 —
693 1646 811 1679 ἱππει
815 1657 848 1679 σι

173 1692 262 1725 πο)
272 1693 291 1724 2
301 1694 347 1723 οἵ
354 1704 370 1729 ς
395 1687 618 1730 ὑπαντιάζει,
638 1693 698 1724 καὶ
718 1688 849 1725 τούσδε

172 1736 243 1781 μὲν
269 1733 435 1782 εὐμαρῶς
459 1734 477 1769 ὃ
507 1734 692 1790 Ἇ1τίοχος
723 1734 849 1770 διακό-

174 1789 248 1823 ψας
277 1783 465 1835 ιῩιὲδραιιε.
491 1801 533 1805 ——
561 1779 608 1821 ὠς
633 1783 673 1815 δὲ
705 1783 848 1816 ’κατεῖδε

172 1825 238 1870 ’ῑὴ1Ι
270 1816 382 1869 ἧτταν
415 1830 473 1861 καὶ
501 1826 542 1860 τὸ
575 1828 708 1862 πεδίον
745 1826 850 1862 ἅπαν

171 1885 307 1928 νεκρων
336 1875 442 1907 muru„
473 1874 605 1918 πίῆρες
628 1892 672 1896 -—
697 1870 777 1907 τότε
804 1873 848 1916 δὴ

170 1921 232 1952 καὶ
277 1917 296 1952 ὀ
325 1917 508 1962 Ἀντίοχος
548 1921 714 1971 ἔᾳειγει.
754 1938 797 1942 -—
829 1933 849 1952 α

171 1972 258 2006 cast„
286 1976 350 1996 von
443 1966 513 2005 her,
533 1966 575 1997 da
598 1965 646 1997 sie
673 1966 845 1997 101119111-

171 2011 284 2043 selben
307 2011 489 2052 gestanden
517 2012 644 2043 hatten.

218 2058 339 2090 7—11.
363 2060 489 2096 eumue„
524 2057 583 2088 der
606 2055 730 2099 Iiampf
750 2056 794 2088 ist
819 2068 845 2088 c.

171 2104 226 2143 42,
262 2105 283 2136 4
316 2113 377 2134 nur
400 2103 607 2143 angedeutet.
633 2121 677 2124 —
703 2104 801 2134 robur
811 2104 846 2144 f.

169 2151 250 2185 vir.,
293 2148 342 2180 als
383 2147 511 2190 tapfere
551 2147 704 2190 Truppen
754 2148 844 2190 (App.

171 2193 250 2226 hebt
285 2194 337 2226 die
364 2193 580 2235 Tiichtigkeit
614 2194 672 2225 der
704 2192 848 2225 Phalan-

171 2239 263 2280 giten
288 2240 380 2271 mehr
403 2240 526 2271 hervor
551 2250 578 2271 c.
609 2241 670 2279 323
703 2240 763 2278 363
791 2240 845 2278 37)

170 2286 287 2317 hatten
313 2284 360 2317 sie
385 2285 502 2326 liinger
530 2284 750 2317 VVidei-stand
785 2295 844 2326 ge-

170 2330 295 2369 leistet,
350 2330 403 2362 ein
454 2340 538 2372 ganz
592 2330 844 2362 verschiedenes

170 2375 360 2408 Hinderniss
385 2377 442 2407 der
464 2375 490 2407 F
494 2377 584 2408 lucht
609 2376 740 2408 enthiilt
757 2387 847 2408 arma

167 2424 323 2463 gravitate
338 2436 384 2448 =
398 2433 562 2454 armorum
578 2425 732 2464 yravitas.
752 2439 795 2443 —
811 2428 847 2454 ut

169 2478 197 2508 q.
210 2470 317 2508 adepti
327 2479 363 2507 3.,
379 2478 403 2502 S.
419 2470 448 2506 5,
465 2469 496 2507 8,
518 2469 567 2501 13.
581 2485 623 2490 —
641 2469 844 2507 intermixtis,

168 2523 194 2543 s.
220 2523 246 2544 c.
273 2514 326 2551 38,
356 2515 395 2551 33
424 2512 521 2546 Crev.
549 2523 650 2545 verm.
684 2515 722 2545 ab
750 2516 847 2544 inter-

168 2560 285 2591 mixtis.
314 2577 355 2581 -
380 2566 407 2590 et
438 2570 498 2591 sua
532 2562 604 2596 etc„
645 2559 702 2590 der
728 2558 846 2590 zweite

848 1308 986 1346 retenti
1006 1308 1046 1346 in
1068 1309 1191 1359 portis
1214 1309 1402 1359 valloque,
1435 1321 1532 1359 quae
1553 1321 1594 1347 se

172 1363 319 1414 impetu
350 1364 435 1414 ipso
467 1370 647 1414 capturos
681 1364 935 1410 crediderant,

988 1365 1166 1411 Romani,
1203 1372 1411 1416 postquam
1439 1365 1595 1404 tandem

918 1509 1031 1542 Grund
1044 1520 1170 1541 warum
1188 1509 1238 1541 die
1253 1509 1451 1552 Medcrlage
1462 1512 1595 1552 grosset-

917 1566 1000 1595 war,
1034 1556 1084 1586 als
1116 1555 1164 1587 sie
1200 1559 1297 1587 unter
1329 1556 1473 1588 anderen
1506 1556 1594 1589 Ver-

917 1601 1101 1632 hiiltnissen
1145 1610 1298 1641 geweseu
1344 1601 1413 1633 sein
1461 1602 1594 1641 wiirdeg

916 1649 1059 1686 ipsorum
1091 1647 1180 1678 steht
1212 1649 1380 1688 quadrz'qis
1415 1651 1478 1678 etc.
1517 1652 1593 1679 ent-

916 1702 1037 1733 gegen3
1063 1691 1115 1723 die
1141 1691 1258 1723 beiden
1295 1691 1469 1725 Umst'ainde
1504 1703 1593 1724 wer-

917 1738 978 1769 den
1003 1737 1183 1769 chiastiseh
1208 1738 1309 1770 durch
1334 1738 1386 1770 die
1405 1737 1504 1770 Siitze
1523 1750 1595 1771 oum

916 1802 960 1805 —
984 1790 1012 1815 et
1037 1782 1210 1821 erliiutert,
1236 1793 1260 1814 s.
1289 1785 1342 1821 35,
1368 1786 1421 1823 39,
1442 1786 1480 1824 7;
1505 1783 1594 1816 Heu-

916 1829 1028 1870 singer
1051 1840 1081 1860 u.
1100 1828 1230 1859 Andere
1257 1829 1378 1861 wollen
1398 1835 1426 1862 et
1454 1840 1514 1861 vor
1533 1841 1593 1862 sua

915 1874 1030 1915 tilgen,
1065 1884 1101 1906 so
1135 1874 1209 1905 dass
1240 1877 1384 1913 ipsorum
1417 1875 1469 1907 (lie
1500 1874 1594 1907 Flie-

914 1920 1042 1952 henden
1062 1920 1124 1951 den
1144 1918 1284 1951 Rb'mern
1305 1920 1592 1962 eutgegenstellte.

916 1984 959 1988 —-
971 1968 1152 2005 primorum
1180 1975 1244 1996 von
1265 1969 1377 2005 primi,
1404 1966 1496 1998 nicht
1523 1977 1589 1998 von

909 2013 1081 2051 primores,
1102 2021 1136 2042 es
1156 2010 1229 2042 sind
1247 2011 1312 2043 wol
1331 2012 1383 2044 die
1409 2022 1436 2043 c.
1464 2013 1518 2052 42,
1543 2010 1593 2045 If.

917 2057 1112 2088 erwiihnten
1134 2056 1176 2087 im
1194 2056 1400 2098 Gegensatze
1425 2068 1465 2089 zu
1491 2068 1517 2090 c.
1537 2058 1593 2097 43,

917 2104 936 2136 6
954 2103 1105 2143 gemeint.
1126 2120 1169 2124 ——
1194 2106 1317 2142 retenti,
1343 2103 1394 2135 die
1419 2102 1524 2144 Folge
1548 2102 1594 2135 ist

917 2147 1132 2190 asyndetisch
1157 2147 1327 2190 angeffigt.
1355 2167 1398 2170 —
1422 2160 1592 2189 pem-uper.

916 2193 1059 2225 ahsolnt.
1101 2212 1146 2216 —
1192 2193 1262 2225 Den
1312 2193 1593 2226 wahrscheinlich

916 2249 981 2270 1011
1014 2238 1130 2270 Ρο1111.
1170 2239 1250 2271 iiber
1285 2239 1594 2280 Schlaehtordnung

915 2285 970 2316 des
994 2285 1175 2316 Antiochus
1201 2286 1508 2328 ausgespiochenen
1524 2283 1593 2317 Ta-

914 2329 1538 2384 1101Α11011111(3.3’ῖεκατεμεαφοντο
1559 2327 1591 2363 δ’

915 2373 1032 2408 αυτοῦ
1055 2373 1267 2430 (Ἀντιόχου)
1294 2378 1355 2409 καὶ
1381 2375 1447 2419 τὴν
1471 2377 1593 2410 τελευ-

915 2424 1024 2454 ταιάι
1067 2417 1302 2475 ἰεᾳοοσύνην,
1352 2421 1503 2476 ἀχρεῖον
1553 2420 1594 2455 ἓν

916 2476 1030 2500 (rtem)
1056 2466 1096 2500 τὸ
1123 2463 1320 2513 κοᾶτιστον
1343 2469 1410 2501 τοῦ
1434 2467 1594 2522 στρατοῦ

916 2498 1160 2551 πεποιηκότος
1186 2515 1221 2551 (s.
1254 2524 1294 2545 zu
1317 2523 1344 2545 c.
1375 2515 1430 2554 40,
1465 2514 1496 2552 2)
1529 2513 1595 2545 καὶ

916 2556 982 2599 τὴ1
1018 2557 1154 2592 ἐλπίδα
1187 2561 1284 2605 θεμέ
1282 2572 1348 2592 1ου
1383 2558 1421 2592 ἓν
1453 2553 1594 2601 πλήθει

1739 2139 1747 2286 ,μμκμι
1736 2050 1744 2080 ¹-
