1747 2841
154 91 181 110 a.
201 82 252 110 ch.
278 83 334 109 18⁷.
569 80 691 114 LIBER
706 80 904 114 xxxvni.
925 79 1015 115 CAP.
1033 84 1084 113 59.
1101 83 1152 113 σο.
1491 77 1572 119 387

148 193 232 228 tum
255 185 417 226 venditis
441 184 626 224 omnibus
648 184 761 224 honis
783 183 902 235 redigi
924 195 1004 221 non
1029 189 1172 234 posset.
1216 182 1254 220 id
1284 181 1348 220 ubi
1369 193 1461 232 ergo
1485 193 1569 220 esse

147 244 297 296 regium
327 253 479 288 aurum,
511 240 576 280 ubi
615 246 671 280 tot
711 240 938 279 hereditates
976 237 1178 289 acceptas?
1213 239 1251 277 in
1291 237 1421 283 domo,
1454 249 1570 288 quam
1590 242 1610 274 9

146 305 326 352 sumptus
347 310 427 337 non
444 297 704 343 exhauserim,
728 302 876 336 exstare
893 295 1072 334 debuisse
1095 308 1218 333 novae
1233 296 1412 333 fortunae
1428 306 1569 332 cuinu-

146 357 240 396 lum.
296 362 333 394 at
360 354 476 401 enim,
508 354 612 405 quod
637 366 682 393 ex
715 353 826 392 bonis
858 352 977 404 redigi
999 364 1077 390 non
1102 351 1234 402 possit,
1266 363 1312 390 ex
1343 362 1509 401 corpore
1536 356 1572 388 et

147 420 253 464 tergo
283 423 352 463 per
374 411 617 449 vexationem
649 417 684 449 et
714 409 966 448 contumelias
987 408 1029 446 L.
1051 408 1241 459 Scipionis
1272 407 1460 458 petituros
1492 407 1568 445 ini-

147 469 281 515 micos,
304 473 346 506 ut
366 467 406 505 in
428 479 580 506 carcere
602 467 702 506 inter
718 468 823 505 sures
839 471 1054 505 nocturnos
1075 470 1111 503 et
1130 465 1298 503 latrones
1323 464 1380 502 vir
1402 463 1568 502 clarissi—
1594 467 1633 499 10

147 537 235 564 mus
254 524 474 563 includatur
504 531 541 563 et
569 524 609 562 in
630 523 773 562 robore
803 529 839 561 et
861 521 1029 562 tenebris
1060 521 1239 572 exspiret,
1270 520 1408 559 deinde
1441 519 1569 559 nudus

144 587 231 620 ante
251 592 444 619 carcerem
467 580 688 632 proiciatur.
731 592 810 618 non
832 579 869 617 id
891 577 1089 618 Corneliae
1117 578 1235 628 inagis
1268 577 1430 615 familiae
1452 588 1569 627 quam
1590 580 1629 613 11

144 637 232 677 urbi
253 638 451 677 Romanae
472 640 555 676 sore
577 636 900 675 erubescendum.
946 634 1142 673 Adversus
1164 647 1206 672 ea
1229 634 1431 672 Terentius
1454 644 1561 683 prae·
1589 632 1649 673 60

143 700 207 734 tor
226 694 465 745 rogationem
487 693 672 733 Petilliam
693 700 729 732 et
749 698 904 731 senatus
927 691 1150 729 consultum
1183 696 1219 729 et
1248 690 1434 728 iudiciuin
1457 689 1504 728 de
1524 690 1567 728 L.

144 751 327 802 Scipione
354 752 497 789 factum
521 750 710 789 recitavit:
738 762 790 796 se,
823 749 859 787 ni
883 749 1074 787 referatur
1105 747 1268 798 pecunia
1295 747 1333 785 in
1354 746 1567 797 publicum,
1588 751 1608 782 2

146 819 244 858 quae
255 807 419 846 iudicata
440 807 498 854 sit,
511 807 604 845 nihil
625 806 766 845 habere
786 805 890 856 quod
906 805 1025 850 faciat,
1041 804 1115 842 nisi
1131 809 1171 842 ut
1186 803 1323 854 prendi
1344 803 1568 841 damnatum

145 864 232 904 etin
242 864 394 904 vincula
405 864 493 902 duci
503 863 641 902 iubeat.
656 862 802 902 tribuni
814 874 904 900 cum
914 861 954 900 in
965 860 1171 900 consilium
1181 860 1441 905 secessissent,
1454 860 1567 910 paulo
1588 871 1607 903 3

890 1009 991 1044 cz'tav.⁷
1018 1016 1079 1037 vor
1107 1006 1166 1037 den
1193 1004 1380 1044 Tribuneng
1412 1005 1443 1036 in
1464 1004 1568 1047 Fulge

144 1000 418 1052 ausgesprochen.
429 1010 518 1039 —id
531 1008 622 1039 stelit
637 1007 698 1038 mit
708 1006 821 1038 Nach-

891 1053 949 1085 der
967 1051 1177 1094 Appellatiou
1197 1061 1238 1082 au
1253 1051 1418 1083 dieselben
1433 1051 1477 1083 ist
1496 1051 1568 1083 eine

145 1054 247 1087 druck
272 1064 388 1093 vor-an,
415 1052 482 1094 vgl.
508 1063 549 1084 zu
575 1052 642 1084 Cic.
681 1051 751 1084 Pin.
788 1054 819 1094 4,

147 1102 198 1142 18,
240 1101 298 1134 49:
342 1098 451 1131 Plaut.
491 1097 585 1141 Epid.
631 1100 659 1137 1,
697 1099 725 1140 1,
765 1099 821 1130 19:

144 1147 203 1178 ubi
235 1147 263 1177 is
299 1156 371 1187 erqo
403 1151 456 1177 est.
492 1162 536 1167 -—
570 1146 712 1183 heredit.,
738 1144 821 1175 ohne

144 1191 378 1232 Austrengung
402 1190 612 1222 erworbcnes
636 1188 714 1230 Gut,
753 1188 819 1229 vgl.

144 1235 234 1269 Fest.
261 1247 289 1279 p.
318 1237 401 1270 290:
433 1238 501 1268 sine
535 1238 635 1268 saeris
666 1237 823 1266 hereditas

149 1285 184 1314 in
202 1283 370 1322 proverbio
396 1283 462 1313 diei
484 1283 569 1322 solet,
601 1292 669 1313 eum
698 1282 825 1322 aliquid

144 1330 302 1360 obvenerit
321 1330 390 1359 sine
406 1329 472 1359 ulla
496 1329 684 1358 incommodi
701 1337 822 1366 appen-

145 1375 221 1413 dice.
247 1391 289 1395 —-
314 1374 464 1413 debuisse,
494 1382 528 1404 es
553 1372 647 1403 hatte
672 1371 737 1411 (bei
764 1372 823 1403 der

145 1418 369 1460 angostellten
390 1418 544 1454 Auction,
573 1418 710 1449 vorher:
745 1428 822 1449 ven-

145 1467 223 1498 ditis
245 1475 327 1497 omn.
352 1466 451 1505 bonis,
478 1463 545 1505 vgl.
580 1474 606 1495 c.
642 1464 695 1501 60,
723 1464 753 1496 8)
781 1463 822 1494 da

145 1510 218 1543 sein
242 1511 381 1550 miissen,
411 1509 461 1542 sei
481 1509 572 1551 aber,
597 1509 656 1540 der
682 1508 714 1539 in
736 1510 822 1540 iudi-

145 1563 248 1590 catum
273 1555 580 1598 ausgesprochenen
605 1554 822 1596 Behauptung

145 1601 343 1644 gegeniiber,
387 1601 462 1632 dass
500 1610 536 1632 so
577 1600 645 1631 viel
685 1600 725 1631 da
761 1600 820 1640 sei,

145 1647 238 1679 nicht
262 1646 463 1678 vorhanden.
489 1663 532 1669 —-·
557 1657 594 1678 ex
625 1656 707 1684 corp.
731 1652 761 1678 et
787 1653 821 1685 t.‚

146 1704 173 1725 s.
200 1702 227 1724 c.
255 1692 309 1732 60,
330 1693 368 1732 23
395 1693 426 1731 6,
453 1692 507 1733 34,
529 1693 559 1725 2.
574 1709 617 1713 —-
638 1691 822 1732 interfur.‚

146 1740 179 1780 3,
220 1739 274 1778 58,
309 1739 338 1770 2.
371 1755 415 1760 -—-
445 1739 564 1777 robore,
606 1735 699 1768 Paul.
728 1736 820 1769 Diac.

145 1795 176 1827 p.
187 1785 254 1817 264
264 1795 271 1814 :
285 1785 380 1815 robus
388 1784 422 1814 in
430 1793 554 1815 earcere
562 1785 680 1815 dicitur
690 1785 718 1814 is
726 1785 821 1822 loeus,

145 1841 208 1871 quo
225 1831 458 1869 praecipitatur
480 1831 693 1869 maleficorum
710 1839 821 1870 yenus,

146 1877 234 1917 quod
267 1880 338 1906 ante
377 1877 463 1907 arcis
496 1876 648 1907 robusteis
683 1876 823 1906 include-

147 1922 252 1961 batur,
277 1920 331 1962 34,
361 1921 415 1960 44,
443 1921 479 1954 8:
504 1922 539 1952 in
572 1920 759 1960 inferiorem
777 1937 820 1942 —-

146 1963 527 2010 careermn;Tae.An.4‚
543 1964 821 2000 29:8a11.C.55:

146 2013 340 2044 Tullianum.
366 2029 411 2033 ——
431 2013 574 2051 exspiret,
598 2011 631 2042 in
649 2010 721 2043 dem
740 2010 822 2043 Tul-

147 2057 271 2089 lianum
297 2056 432 2088 wurden
457 2056 509 2089 die
542 2056 822 2089 Verbrecher

148 2101 331 2135 erdrosselt
344 2102 423 2134 oder
435 2106 578 2134 mussten
589 2103 821 2134 vcrschmach-

147 2152 221 2189 ten,
237 2147 290 2180 die
306 2146 516 2189 Verhaftung
533 2146 660 2189 Scipios
678 2146 822 2189 erfolgte

145 2193 266 2235 jedoch
308 2193 398 2225 nicht
443 2203 558 2234 wegen
597 2193 686 2225 eines
734 2193 822 2225 Ver-

149 2239 327 2279 brechens,
372 2239 512 2271 sondern
554 2248 607 2270 um
650 2239 705 2270 ihn
751 2249 823 2270 zum

147 2284 275 2317 Stellen
314 2295 378 2316 von
411 2284 538 2326 Biirgen
579 2294 619 2315 zu
653 2284 821 2326 withigem

148 2341 175 2362 c.
208 2331 263 2372 60,
297 2331 327 2363 2.
374 2328 465 2362 Eben
489 2340 526 2362 so
560 2333 649 2371 passt
683 2329 743 2362 auf
771 2330 822 2361 Sc.

147 2376 240 2408 nicht
263 2378 370 2408 nudus
397 2394 439 2398 —-
464 2377 627 2416 proiciat„
662 2375 824 2407 entbliisst

147 2421 214 2454 und
249 2421 467 2462 unbestattet,
504 2423 557 2462 29,
593 2422 624 2461 9,
661 2423 719 2461 103
743 2420 822 2453 Tac.

148 2467 232 2500 Anu.
260 2469 290 2507 5,
317 2469 347 2501 9.

197 2509 265 2551 60.
295 2514 390 2546 1-2.
412 2519 507 2545 senat.
525 2523 576 2551 es„
596 2522 622 2543 c.
644 2514 696 2546 55.
711 2529 754 2534 ——
771 2523 824 2545 re-

891 1097 1130 1138 Yerhandlung
1161 1096 1275 1129 beider
1312 1096 1467 1129 Parteieu
1508 1107 1569 1128 vor

891 1143 988 1175 ihnen
1014 1143 1240 1184 eingetreten,
1268 1143 1327 1174 der
1353 1142 1473 1174 Pr‘ator
1490 1142 1568 1174 liest

892 1190 953 1221 den
991 1188 1280 1221 Senatsbeschluss
1317 1198 1378 1220 vor
1420 1199 1472 1220 um
1514 1188 1566 1219 die

890 1234 1054 1266 Tribuuen
1101 1245 1141 1265 zu
1181 1233 1351 1275 bewegeu,
1394 1234 1469 1266 dass
1518 1234 1567 1266 sie

892 1280 983 1312 nicht
1010 1280 1244 1312 einschreiten.
1263 1298 1305 1302 —
1322 1280 1466 1320 referat„
1493 1279 1565 1320 ab—,

891 1326 1123 1367 zuriiekgeben
1155 1336 1195 1357 au
1228 1325 1289 1357 deu
1325 1324 1568 1367 fflaatssehatz,

891 1373 963 1404 dem
989 1382 1024 1404 es
1048 1376 1209 1412 entzogen
1233 1371 1292 1403 sei.
1315 1389 1357 1393 —
1375 1374 1514 1403 iudicata
1530 1383 1568 1411 8.,

890 1418 1035 1449 welches
1064 1416 1117 1448 fiir
1135 1416 1309 1457 Staatsgut
1329 1415 1570 1458 reehtskriiftig

891 1463 1022 1496 erklart
1046 1463 1180 1494 worden
1215 1462 1272 1494 sei.
1299 1480 1343 1484 —
1377 1469 1412 1495 ut
1438 1465 1569 1505 prendi,

891 1509 957 1550 vgl.
984 1519 1010 1540 c.
1038 1510 1090 1548 53,
1118 1510 1156 1547 2;
1183 1508 1234 1540 die
1252 1508 1457 1550 persiinliche
1479 1508 1567 1540 Ver-

891 1553 1032 1595 haftuug
1080 1553 1245 1586 erseheint
1287 1553 1360 1585 hier
1406 1554 1456 1586 als
1513 1553 1567 1585 ein

892 1600 1001 1632 Mittel
1044 1600 1106 1631 deu
1139 1599 1245 1632 einem
1278 1598 1567 1642 Urtheilsspruche

890 1646 961 1677 sich
996 1645 1292 1678 widersetzenden
1326 1656 1399 1677 zum
1435 1644 1567 1677 Gehor-

891 1702 959 1723 sam
984 1702 1025 1723 zu
1048 1691 1212 1732 zwingen,
1237 1690 1286 1722 als
1313 1690 1365 1723 ein
1390 1690 1489 1723 Theil
1507 1691 1567 1723 der

889 1736 1086 1776 Execution,
1112 1747 1165 1768 um
1197 1736 1305 1779 Scipio
1337 1747 1377 1768 zu
1411 1737 1567 1778 nssthigeu

892 1783 944 1815 die
977 1783 1161 1815 bestimmte
1194 1782 1322 1814 Summe
1356 1793 1396 1814 zu
1427 1782 1566 1821 zahlen3

891 1828 935 1860 im
960 1827 1053 1869 Folg.
1080 1826 1101 1869 ξ
1129 1829 1166 1862 8:
1203 1830 1239 1860 in
1273 1829 1353 1860 bona
1385 1832 1449 1860 etc.
1483 1827 1568 1859 wird

891 1874 945 1906 ein
987 1873 1136 1911 zweites‚
1181 1873 1232 1906 die
1266 1876 1374 1905 missio
1415 1876 1449 1905 in
1487 1875 1569 1906 bona

890 1920 956 1952 und
981 1919 1033 1951 die
1058 1922 1193 1952 venditio
1213 1921 1378 1959 bonorum,
1403 1919 1567 1957 erufihnt,

893 1966 950 1997 das
984 1965 1072 2005 aber,
1110 1965 1174 1997 wie
1210 1975 1244 1997 es
1283 1965 1367 1996 nach
1400 1963 1454 1996 Ls‘
1481 1964 1568 1996 Dar-

891 2011 1037 2052 stellung
1061 2010 1201 2050 seheint,
1226 2021 1252 2042 s.
1278 2008 1300 2051 ξ
1318 2012 1350 2049 4,
1378 2014 1447 2042 erst
1465 2011 1568 2042 naeh-

891 2057 962 2089 dem
987 2055 1154 2088 Gracchus
1181 2056 1233 2087 die
1263 2054 1476 2097 Verhaftuug
1509 2066 1567 2096 ge-

891 2102 1025 2134 hindert
1049 2101 1114 2133 und
1140 2101 1192 2133 die
1212 2101 1490 2142 Beschlaguahme
1509 2102 1569 2133 der

892 2147 996 2180 Giiter
1025 2147 1219 2188 zugelassen
1254 2147 1322 2189 hat,
1353 2146 1385 2178 in
1420 2147 1567 2179 Auweu-

892 2194 978 2234 dung
1002 2192 1134 2224 kommt.

938 2240 969 2272 3.
994 2241 1029 2270 in
1054 2241 1174 2278 consil„
1206 2248 1259 2269 um
1291 2237 1374 2278 sich,
1408 2237 1565 2270 nachdem

891 2284 939 2316 sie
964 2283 1016 2315 die
1043 2283 1201 2316 Parteien
1224 2284 1344 2324 gehssrt
1374 2283 1492 2324 haben,
1527 2294 1568 2315 zu

892 2330 1063 2370 ber-athen,
1081 2340 1107 2362 s.
1129 2332 1183 2372 45,
1201 2331 1255 2367 36,
1279 2331 1336 2363 10:
1360 2331 1485 2362 tribuni
1498 2341 1568 2361 eum

892 2378 935 2408 ad
966 2377 1201 2408 deliberandum
1230 2377 1430 2408 secessissent.
1462 2393 1506 2397 —
1531 2386 1569 2407 ex

892 2432 950 2453 sua
967 2425 1041 2461 etc„
1068 2423 1100 2457 4,
1120 2422 1173 2460 53,
1198 2422 1237 2454 6:
1269 2423 1388 2453 decreto
1421 2424 1565 2460 interpo-

892 2470 950 2499 sito
958 2478 1065 2499 novem
1072 2468 1197 2499 tribum·
1206 2468 1401 2500 sustulerunt
1415 2473 1569 2499 certamen

886 2516 1242 2554 pronuntiaveruntque
1275 2523 1313 2544 ez
1343 2514 1465 2555 colleqt'i
1493 2523 1568 2545 een-

1220 2569 1260 2597 ητ,
1275 2567 1289 2582 ια

1220 2593 1237 2600 —
1244 2591 1251 2599 »⁷
