1747 2841
202 115 285 158 130

623 115 748 148 LIBER
772 115 937 149 XXXVI.
962 115 1055 149 CAP.
1082 117 1135 150 25.
1161 117 1216 150 26.

1474 123 1500 143 a.
1519 123 1548 142 u.
1566 115 1630 143 563.

206 219 329 266 enixe,
356 219 461 258 velut
479 219 681 271 proposito
706 219 929 267 certamine,
951 220 1117 259 Romani
1129 220 1438 271 Macedonesque
1461 220 1565 259 diem
1583 232 1630 259 ac

204 281 361 316 noctem
383 282 448 315 aut
467 276 508 315 in
530 276 715 328 operibus
741 276 865 315 autin
888 276 1045 327 proeliis
1065 283 1205 324 essent,
1227 277 1303 316 hoc
1323 277 1447 316 maior
1457 277 1630 316 difficul-

204 339 260 372 tas
281 333 558 372 Macedonibus
581 339 673 380 erat,
705 333 812 384 quod
832 333 1000 372 Romani
1021 345 1160 384 aggere
1182 340 1218 373 et
1237 334 1360 373 vineis
1382 339 1419 373 et
1442 333 1630 373 omnibus

205 390 322 441 supra
336 396 478 429 terram
502 389 698 441 operibus.
721 389 855 428 subter
876 389 1107 429 Macedones
1127 391 1316 430 cuniculis
1337 390 1629 442 oppugnabant,

166 454 185 485 5
205 452 242 486 et
268 447 309 485 in
331 447 478 497 asperis
497 446 591 485 locis
611 447 704 485 silex
726 459 839 497 saepe
861 446 1150 497 inpenetrabilis
1170 449 1275 486 ferro
1297 447 1539 486 occurrebat.
1593 452 1631 486 et

205 516 296 542 cuin
317 516 457 554 parum
477 503 706 554 procederet
724 503 935 554 inceptum,
961 515 1031 553 per
1054 504 1245 555 colloquia
1263 504 1489 555 principum
1510 504 1630 555 oppi-

165 562 185 594 6
206 561 329 599 danos
356 559 566 610 temptabat
592 573 673 607 rex,
707 566 748 599 ut
778 560 916 599 urbem
946 560 1145 608 dederent,
1164 560 1267 600 haud
1290 560 1445 607 dubius,
1468 560 1576 611 quin,
1596 560 1630 599 si
1653 585 1657 589 -

203 617 313 667 prius
336 617 520 656 Heraclea
543 623 650 668 capta
671 619 782 664 foret,
808 616 995 656 Romanis
1020 630 1060 655 se
1081 616 1210 668 potius
1233 629 1351 668 quam
1374 617 1445 656 sibi
1459 616 1628 656 dedituri

204 679 345 721 essent,
376 686 565 725 suamque
594 674 753 724 gratiam
782 674 920 712 consul
938 673 979 712 in
1011 673 1213 712 obsidione
1234 673 1431 713 liberanda
1454 675 1628 713 facturus

165 734 183 765 7
204 736 316 769 esset.
353 742 425 769 nec
447 743 536 769 eum
560 731 691 781 opinio
715 736 772 769 est
793 732 995 777 frustrata;
1023 731 1229 770 confestim
1249 731 1354 770 enim
1376 730 1422 769 ab
1445 730 1632 769 Heraclea>

204 792 314 838 capta
337 787 499 826 nuntius
522 787 636 834 venit,
660 787 1233 838 utoppugnationeabsisteret:
1264 787 1427 838 aequius
1449 800 1533 826 esse
1543 788 1631 826 Ro-

203 856 341 882 manos
363 844 514 891 milites,
545 844 611 894 qui
633 844 711 883 acie
735 844 982 883 dimicassent
1005 857 1094 883 cum
1122 844 1279 891 Aetolis,
1309 844 1481 895 praemia
1502 844 1631 883 victo—

167 899 186 931 8
203 900 282 939 riae
306 900 460 939 habere.
490 901 540 939 ita
561 913 760 940 recessum
785 900 831 939 ab
850 901 981 940 Lamia
1002 906 1070 947 est,
1095 907 1131 940 et
1142 901 1387 952 propinquae
1399 901 1505 940 clade
1517 900 1629 939 urbis

203 957 289 1008 ipsi,
312 970 363 996 ne
385 957 477 1008 quid
502 958 625 996 simile
647 963 885 1008 paterentur,
908 959 1141 1009 effugerunt.

125 1014 184 1054 26

318 1014 456 1053 Paucis
479 1015 709 1065 priusquam
730 1015 912 1053 Heraclea
939 1020 1141 1066 caperetur
1162 1014 1298 1053 diebus
1318 1014 1442 1053 Aetoli
1462 1013 1628 1052 concilio

164 1073 184 1105 2
204 1070 395 1122 Hypatam
426 1077 558 1110 coacto
581 1072 726 1122 legatos
757 1071 803 1110 ad
833 1071 1071 1110 Antiochum
1102 1072 1303 1117 miserunt,
1330 1071 1431 1110 inter
1463 1083 1563 1121 quos
1592 1076 1631 1109 et

204 1128 332 1166 Thoas
356 1127 472 1174 idem,
494 1128 561 1179 qui
581 1134 617 1167 et
635 1134 757 1175 antea,
780 1128 924 1167 missus
945 1135 1014 1168 est.
1047 1129 1226 1167 mandata
1247 1135 1368 1175 erant,
1401 1133 1442 1166 ut
1466 1127 1513 1165 ab
1535 1139 1627 1178 rege

202 1190 389 1235 peterent,
421 1185 593 1235 primum
625 1190 668 1223 ut
690 1185 773 1236 ipse
803 1185 944 1224 coactis
972 1198 1111 1224 rursus
1133 1184 1382 1224 terrestribus
1404 1183 1632 1223 navalibus-

163 1243 182 1276 3
203 1253 280 1292 que
311 1241 433 1292 copiis
463 1241 503 1279 in
524 1242 722 1280 Graeciam
752 1242 941 1289 traiceret,
972 1242 1123 1288 deinde,
1155 1242 1186 1281 si
1218 1254 1293 1292 qua
1322 1242 1453 1291 ipsum
1479 1246 1631 1279 teneret

199 1310 275 1343 reS,
301 1304 343 1337 ut
367 1298 574 1349 pecuniam
603 1304 639 1337 et
667 1299 804 1337 auxilia
825 1299 1010 1345 mitteret,
1040 1299 1079 1337 id
1110 1311 1201 1338 cum
1231 1298 1277 1337 ad
1299 1298 1522 1349 dignitatem
1544 1297 1630 1336 eius

246 1422 345 1455 4—8.
372 1424 427 1453 vel.
448 1432 543 1461 prop.
569 1428 652 1461 cert„
679 1421 742 1453 wie
769 1432 808 1453 zu
834 1439 878 1444 —

200 1466 348 1509 berusen,
374 1467 441 1508 vgl.
478 1477 503 1498 e.
537 1469 591 1506 23,
641 1469 698 1507 103
732 1469 787 1503 24,
823 1469 876 1506 31,

203 1514 222 1546 6
242 1524 272 1545 u.
300 1524 327 1544 o.
354 1530 396 1535 —
422 1514 503 1545 diem
528 1526 556 1545 a.
581 1525 624 1554 η,
651 1513 714 1544 wie
741 1515 794 1553 33,
826 1515 877 1551 17,

205 1561 256 1597 10,
297 1559 364 1600 vgl.
404 1561 460 1601 42,
488 1562 542 1598 54,
570 1560 598 1592 3.
633 1577 675 1581 —
705 1570 773 1598 sup.
808 1566 877 1598 ter„

201 1604 393 1645 att1·ii›utiv‚
424 1606 451 1644 1,
477 1606 530 1645 34,
557 1608 594 1638 5:
620 1604 731 1636 lauter
750 1604 878 1636 VVerke

199 1651 281 1682 iiber
309 1662 339 1681 u.
365 1661 389 1682 s.
415 1660 457 1682 w.
490 1669 533 1672 -—
561 1653 674 1686 cunio„
699 1651 752 1689 38,
783 1653 812 1691 7,
840 1653 878 1689 63

201 1697 257 1736 23,
300 1698 350 1736 18,
396 1697 424 1730 8.
464 1715 506 1718 -
544 1708 643 1735 saepe,
686 1706 728 1727 au
769 1695 879 1728 vielen

201 1741 336 1774 Stellen.
355 1760 398 1764 ——
416 1749 442 1774 et
463 1753 541 1782 oum,
562 1740 678 1783 kniipft
692 1752 752 1773 nur
765 1741 879 1774 locker

202 1798 255 1820 an.
291 1805 334 1810 ——
359 1800 389 1820 se
416 1805 461 1811 —
492 1790 555 1819 sibi
587 1787 803 1819 verschieden
838 1798 879 1819 zu

199 1833 368 1868 beziehen,
402 1844 427 1865 s.
464 1834 517 1871 37,
554 1835 605 1872 17,
652 1835 680 1866 5.
713 1851 757 1855 —
788 1845 880 1865 suam

198 1891 260 1921 9⁹²2
288 1890 328 1911 zu
354 1880 426 1911 dem
460 1878 606 1919 seinigeu
638 1879 786 1917 macheu,
820 1879 878 1910 be-

200 1924 329 1956 wirken
348 1925 474 1964 wiirde,
492 1925 566 1956 dass
584 1934 656 1955 man
677 1924 743 1955 ihm
761 1925 878 1965 danke,

200 1980 297 2002 wenn
330 1980 366 2002 er
398 1989 441 1994 —
474 1969 628 2010 aufho'be,
665 1970 717 2002 die
749 1969 879 2002 Aufhe-

200 2017 289 2057 bung
328 2016 395 2047 ihm
441 2016 620 2054 verdanke,
663 2026 689 2047 s.
733 2017 786 2054 33,
823 2018 877 2056 27,

203 2065 232 2095 7.
259 2080 300 2084 ——-
326 2063 492 2103 confestim
516 2064 564 2102 ab,
585 2072 609 2093 s.
636 2072 663 2095 e.
683 2063 737 2102 24,
764 2063 802 2100 83
825 2063 878 2104 30,

203 2109 256 2150 36,
287 2109 317 2140 1:
343 2109 509 2149 confistz‘m
528 2119 547 2139 a
562 2110 695 2147 proelio.
721 2125 765 2129 —-
781 2119 878 2146 proe-

200 2156 277 2196 mia,
309 2154 455 2185 darnach
490 2154 612 2185 ko'nnte
636 2163 710 2184 man
750 2163 878 2184 erwar-

200 2203 266 2238 ten,
291 2199 366 2231 dass
394 2199 509 2231 Lamia
532 2199 680 2240 sogleich
718 2209 782 2230 von
816 2200 875 2230 den

200 2244 341 2277 Rb'mern
378 2245 541 2277 bestiirmt
591 2245 724 2276 werden
774 2244 876 2281 solle;

200 2290 302 2322 allein
329 2291 433 2322 dieses
460 2289 582 2331 erfolgt
606 2294 675 2322 erst
706 2292 759 2330 37,
786 2293 825 2327 4;
850 2300 876 2322 c.

200 2338 255 2377 29,
282 2339 301 2369 5
327 2336 435 2368 haben
460 2337 511 2368 die
540 2336 678 2368 Aetoler
706 2336 758 2368 die
781 2335 879 2367 Stadt

201 2383 296 2419 noch,
323 2382 389 2423 vgl.
417 2383 471 2422 39,
493 2383 547 2421 28,
574 2383 603 2415 3.
628 2400 671 2404 -—
696 2393 766 2413 cum
793 2383 876 2422 Aet„

201 2427 281 2459 weil
315 2427 430 2459 Lamia
462 2428 535 2460 eine
577 2427 739 2459 'atoh'sche
779 2427 878 2459 Stadt

199 2472 254 2512 ist,
296 2473 424 2505 scheint
464 2473 646 2505 Antiochus
686 2473 777 2505 nieht
822 2483 876 2505 er-

200 2519 316 2550 wtihut
343 2530 383 2550 zu
405 2520 550 2559 werden,
579 2520 644 2560 vgl.
675 2521 727 2554 37,
755 2520 809 2560 58,
839 2520 876 2558 83

200 2564 252 2596 die
278 2564 340 2596 Mz.
365 2564 419 2596 Hs.
449 2566 507 2596 hat
531 2577 626 2606 quam
646 2568 785 2605 Aetolos,
805 2575 876 2597 was

947 1421 1084 1462 Madvig
1107 1419 1162 1452 fiir
1186 1420 1311 1452 un'acht
1344 1420 1428 1451 h'alt.
1476 1419 1536 1452 Die
1560 1419 1633 1451 Er-

947 1467 1118 1508 bitterung
1148 1465 1297 1509 Philipps
1332 1466 1413 1498 iiber
1447 1466 1504 1497 das
1538 1465 1628 1498 Ver-

947 1512 1065 1545 fahreu
1090 1513 1146 1544 des
1172 1512 1309 1544 Consuls
1346 1511 1431 1543 wird
1464 1515 1534 1543 erst
1569 1512 1625 1552 39,

949 1561 1011 1598 233
1048 1560 1091 1592 28
1124 1558 1285 1590 erwaihnt.
1310 1575 1356 1580 —-
1380 1560 1454 1598 ipsi,
1488 1557 1532 1588 im
1558 1555 1630 1589 Ge·-

947 1608 1105 1646 gensatze
1131 1615 1171 1635 zu
1188 1615 1284 1644 prop.
1309 1605 1415 1643 urbis,
1449 1613 1473 1636 S.
1508 1605 1540 1643 6,
1571 1604 1627 1644 30,

948 1653 978 1684 9.
1005 1668 1049 1673 ——
1081 1662 1121 1682 ne
1142 1667 1185 1672 —
1221 1652 1362 1692 effuyer„
1396 1649 1570 1681 entkamen
1594 1660 1634 1680 u..

948 1697 1148 1728 verhiiteten
1192 1705 1248 1737 SO,
1288 1696 1363 1726 dass
1407 1694 1516 1736 nicht,
1560 1693 1628 1726 fast

948 1742 1057 1783 gleieh
1082 1748 1240 1781 caverunt,
1266 1752 1316 1780 ne,
1336 1739 1414 1772 Tac.
1439 1740 1477 1772 H.
1505 1742 1535 1780 3,
1565 1741 1628 1774 39:

941 1799 1064 1828 parum
1092 1790 1256 1829 effuqerat,
1283 1798 1322 1818 ne
1340 1789 1458 1828 digmus
1483 1787 1627 1818 credere—-

948 1841 1021 1873 tur,
1066 1833 1282 1865 verschieden
1319 1832 1392 1864 sind
1428 1831 1479 1863 die
1515 1830 1624 1872 Faue,

947 1889 1000 1910 wo
1027 1891 1067 1911 ne
1092 1878 1326 1921 epexegetisch
1358 1877 1540 1919 gebraucht
1568 1877 1631 1919 ist„

950 1936 976 1957 s.
1000 1927 1055 1965 21,
1085 1926 1140 1964 63,
1168 1926 1208 1966 83
1234 1923 1299 1955 Cic.
1323 1922 1378 1955 Or.
1412 1925 1440 1962 1,
1466 1925 1521 1963 48,
1540 1924 1625 1956 207:

948 1973 1035 2012 quod
1062 1973 1200 2012 effuqere
1230 1972 1321 2009 soleo,
1355 1980 1395 2001 ne
1431 1970 1490 2000 cibi
1524 1980 1626 2001 succe·

949 2020 1031 2056 dam,
1050 2019 1086 2049 id
1100 2020 1183 2056 etc,
1209 2015 1328 2047 ebenso
1346 2018 1456 2054 vilare,
1475 2013 1542 2046 Cio.
1569 2013 1625 2046 Or.

948 2065 979 2100 2,
1010 2064 1065 2104 59,
1090 2063 1174 2102 2393
1203 2062 1244 2092 ad
1269 2060 1342 2093 Her.
1369 2062 1401 2101 2,
1431 2062 1482 2100 14,
1508 2061 1562 2093 21.

995 2127 1172 2167 26-30,
1197 2129 1437 2170 Vei-handlung
1460 2128 1543 2160 iiber
1570 2127 1624 2160 die

947 2174 1201 2216 Unterwerfung
1226 2175 1284 2207 der
1308 2174 1456 2207 Aetoler.
1505 2173 1625 2216 Polyb.

947 2224 1001 2261 20,
1029 2223 1162 2262 9—113
1188 2220 1275 2252 Piut.
1300 2220 1365 2252 Tit.
1395 2222 1445 2254 15.

997 2292 1094 2324 1—4.
1119 2292 1293 2330 Hypatam,
1327 2299 1352 2320 c.
1382 2291 1434 2327 14,
1464 2290 1522 2329 153
1550 2287 1630 2319 eine

946 2335 1267 2368 ausserordentliehe
1296 2334 1560 2374 Versammlung,
1596 2343 1622 2364 s.

948 2383 1001 2422 33,
1029 2383 1059 2421 3,
1089 2384 1117 2414 7.
1146 2399 1182 2405 -
1212 2387 1324 2419 coacto,
1351 2379 1417 2421 vgl.
1446 2381 1477 2420 3,
1512 2380 1566 2418 39,
1601 2380 1623 2411 6

944 2439 975 2459 u.
1001 2437 1030 2459 a.
1056 2446 1101 2449 —
1128 2429 1209 2459 inter
1233 2438 1274 2468 q.,
1303 2428 1334 2465 6,
1363 2427 1418 2466 20,
1445 2427 1476 2465 8,
1504 2424 1571 2465 vgl.
1595 2434 1621 2455 e.

948 2474 1001 2511 38,
1032 2475 1062 2506 4.
1087 2491 1132 2496 —
1158 2475 1248 2512 idem,
1276 2474 1336 2513 qm*
1357 2478 1394 2512 et,
1430 2470 1497 2502 Cic.
1530 2469 1629 2501 Fam..

949 2520 999 2553 13,
1029 2520 1082 2559 23,
1109 2520 1148 2560 23
1173 2529 1212 2550 zu
1239 2517 1274 2549 L.
1302 2520 1331 2557 7,
1363 2519 1394 2558 5,
1421 2519 1459 2556 93
1488 2517 1539 2555 10,
1565 2516 1621 2556 23,

945 2566 983 2604 93
1010 2566 1064 2604 37,
1091 2566 1144 2604 56,
1173 2567 1204 2598 7.
1230 2581 1273 2586 —
1295 2569 1397 2603 antea,
1423 2564 1477 2603 35,
1504 2563 1557 2595 32.
1577 2578 1627 2584 —-
