1747 2841
145 133 170 151 ιι.
190 124 240 152 ch.
262 125 320 151 191.

605 123 730 157 LIBER
756 124 919 158 XXXVI.
946 124 1042 159 CAP.
1073 128 1121 159 17.

1488 123 1566 165 117

146 229 221 274 hic,
244 235 286 268 nt
305 228 415 267 aliam
439 240 596 267 omnem
618 228 733 267 vitam
754 228 898 272 sileam,
918 227 949 266 is
972 233 1039 270 est,
1061 227 1127 278 qni
1149 239 1238 265 cum
1261 227 1565 266 adinserendum
1587 235 1605 266 7

147 285 293 337 populo
323 286 500 324 Romano
541 284 684 323 bellum
716 298 762 323 ex
793 285 877 323 Asia
909 284 948 323 in
980 285 1176 334 Europam
1208 284 1426 329 transisset,
1472 284 1567 322 nihil

145 341 436 381 memorabilius
474 347 553 380 toto
595 347 768 392 tempore
810 341 1063 380 hibernorum
1093 340 1271 391 gesserit,
1312 352 1427 390 quani
1459 340 1564 390 quod

147 398 290 437 amoris
320 410 433 436 causa
457 411 502 436 ex
534 397 652 436 domo
684 398 828 449 privata
856 404 893 436 et
919 397 1074 435 obscuri
1105 397 1217 435 etiam
1248 397 1347 435 inter
1368 396 1565 447 popularis

147 455 298 506 generis
321 467 485 493 uxorem
508 454 628 499 duxit,
660 461 696 493 et
718 467 846 493 novus
866 454 1039 498 maritus,
1069 454 1172 491 velut
1193 454 1386 505 saginatus
1409 453 1564 503 nuptia-
1585 456 1604 488 8

143 511 245 549 libus
276 511 393 555 cenis,
423 511 469 549 ad
500 523 671 562 pugnam
704 511 903 562 processit.
948 522 1100 549 summa
1131 510 1270 548 virium
1302 509 1464 560 speique
1484 509 1566 547 eius

143 568 184 606 in
208 568 351 606 Aetolis
377 568 460 613 fuit,
488 574 599 618 gente
626 568 833 606 vanissima
857 573 893 606 et
914 567 1182 618 ingratissima,
1215 572 1255 605 ut
1275 579 1344 605 vos
1367 566 1475 620 prius
1496 577 1565 604 ex-

143 624 242 675 perti
273 624 374 668 estis,
415 636 521 662 nunc
552 625 765 663 Antiochus
797 624 1004 674 experitur.
1046 635 1135 662 nam
1168 635 1240 662 nec
1270 628 1462 661 venerunt
1485 624 1564 660 t're-
1584 626 1604 657 9

146 687 320 731 quentes,
351 692 423 719 nec
460 681 648 719 contineri
680 682 719 720 in
751 681 883 719 castris
910 686 1134 731 potuerunt,
1165 685 1201 718 et
1222 680 1260 717 in
1283 679 1471 718 seditione
1493 679 1564 729 ipsi

144 737 244 776 inter
267 749 350 776 sese
371 744 473 783 sunt,
505 744 551 778 et.
583 750 672 776 cum
694 737 881 788 Hypatam
904 736 1087 776 tuendam
1112 736 1413 786 Heracleamque
1440 735 1564 786 ‹lepo-

143 793 373 844 poscissent,
394 801 571 833 neutram
596 794 703 833 tutati
724 795 956 845 refugerunt
974 794 1012 831 in
1040 794 1126 844 iuga
1147 793 1353 838 montium,
1375 804 1464 843 pars
1485 792 1564 830 He-

143 851 289 889 racleae
328 851 571 890 incluserunt
610 863 706 889 sese.

763 862 830 889 rex
867 850 950 901 ipse
981 852 1185 889 consessus
1215 861 1410 900 nusquam
1441 859 1565 898 aequo
1587 858 1628 890 10

144 918 280 958 campo
306 919 386 945 non
409 908 526 946 modo
559 907 741 958 congredi
764 919 804 945 se
829 907 873 945 ad
895 918 1063 958 pugnam
1087 907 1241 952 audere,
1272 906 1338 944 sed
1364 917 1412 943 ne
1446 911 1566 943 castra

145 963 301 1013 quidem
323 964 363 1002 in
387 970 517 1015 aperto
540 976 699 1014 ponere,
729 963 857 1002 relicta
882 964 988 1002 omni
1013 970 1099 1002 ante
1120 976 1160 1002 se
1185 962 1342 1014 regione
1365 974 1419 1008 ea,
1449 973 1565 1012 quam

144 1032 185 1058 se
217 1019 330 1058 nobis
355 1032 398 1058 ac
421 1020 599 1071 Philippo
623 1020 814 1059 ademisse
836 1020 1081 1071 gloriabatur,
1120 1019 1292 1058 condidit
1311 1032 1351 1058 se
1375 1019 1474 1057 intra
1495 1030 1565 1056 ru-

144 1088 224 1127 pes,
252 1088 301 1115 ne
331 1083 418 1115 ante
454 1080 584 1115 fauces
617 1077 773 1127 quidem
796 1078 926 1123 saltus,
959 1083 999 1115 ut
1018 1077 1217 1128 qnondam
1239 1075 1565 1115 Lacedaemonios
1589 1083 1625 1116 11

145 1134 246 1171 sama
278 1139 346 1177 cst,
376 1133 441 1172 sed
474 1134 574 1172 intra
606 1134 760 1185 penitus
783 1134 955 1173 retractis
978 1134 1133 1179 castris,
1165 1133 1269 1184 quod
1293 1137 1481 1183 quantum
1502 1131 1564 1169 in-

144 1195 257 1228 terest
277 1190 323 1228 ad
348 1190 528 1228 timorem
553 1190 851 1233 ostendendum,
875 1203 923 1229 an
948 1191 1070 1229 muris
1087 1190 1365 1229 urbisalicuius
1378 1188 1564 1228 obsiden-

143 1246 249 1287 dum.
270 1258 354 1285 sese
374 1245 602 1285 incluserit?
626 1247 692 1285 sed
714 1258 842 1297 neque
862 1247 1097 1286 Antiochum
1120 1247 1334 1286 tuebuntur
1357 1245 1565 1296 angustiae,
1586 1255 1628 1288 12

143 1314 216 1340 nec
237 1303 392 1341 Aetolos
414 1304 576 1342 vertices
596 1304 660 1344 illi.
691 1315 791 1354 quos
813 1310 1012 1355 ceperunt.
1053 1304 1144 1343 satis
1166 1304 1341 1354 undique
1362 1302 1565 1354 provisum

141 1365 256 1409 atque
287 1366 535 1409 praecautum
568 1367 635 1406 est,
665 1372 714 1399 ne
745 1360 837 1411 quid
865 1361 1052 1400 adversus
1083 1373 1153 1399 vos
1183 1360 1222 1399 in
1254 1371 1384 1411 pugna
1414 1364 1567 1409 praeter

143 1459 206 1491 wie
234 1460 288 1499 42,
323 1462 377 1500 64,
404 1461 440 1493 2:
465 1463 549 1493 circa
575 1472 613 1493 ex
630 1464 727 1503 (tyris,
753 1461 821 1502 vgl.

141 1514 168 1536 c.
204 1507 262 1544 14,
299 1507 348 1538 12.
376 1523 418 1528 —
443 1508 494 1539 hic
518 1525 560 1528 —
586 1509 630 1547 is,
665 1517 689 1538 s.
716 1507 817 1549 praef.

144 1552 202 1589 103
230 1553 261 1589 5,
288 1552 318 1591 2,
346 1552 376 1584 3.
409 1569 451 1573 --
485 1554 603 1584 sileam.
632 1563 656 1584 s.
685 1554 738 1592 27,
768 1555 818 1592 10,

142 1597 178 1628 7:
205 1598 380 1636 en'leamm‘5
413 1596 478 1629 Cic.
507 1609 534 1639 p.
560 1597 682 1629 Flacco
709 1600 746 1631 3:
771 1610 821 1630 res

139 1643 272 1681 sz'letur‚·
307 1641 398 1674 Paul.
428 1642 519 1674 Diae.
557 1644 617 1677 59:
652 1646 744 1676 silere
774 1651 820 1676 ta-

139 1689 246 1727 cenda,
273 1687 325 1720 die
350 1686 413 1720 Mz.
434 1688 486 1720 Hs.
509 1689 568 1720 hat
584 1692 733 1729 omittam,
750 1690 819 1730 vgl.

142 1734 173 1771 9,
205 1735 256 1771 17,
271 1735 301 1765 6.
322 1751 365 1755 -
383 1745 481 1766 amor.
507 1747 543 1775 6.,
574 1745 636 1766 nur
663 1746 732 1773 aus,
750 1735 818 1776 vgl.

140 1788 166 1810 c.
206 1780 267 1820 15,
312 1781 348 1819 13
389 1782 424 1820 1,
462 1781 501 1820 9,
539 1780 620 1814 14ff.
653 1798 695 1803 -
730 1782 819 1819 obse„

138 1823 207 1865 vgl.
230 1834 270 1855 zu
297 1835 324 1856 e.
346 1827 417 1866 11,¹
443 1828 470 1859 1.
499 1834 541 1848 ‘—
566 1828 678 1868 mqhoe„
708 1827 739 1865 6,
767 1828 818 1867 17,

140 1870 179 1909 33
205 1870 258 1909 38,
293 1872 343 1912 17,
372 1873 422 1904 17.

186 1938 285 1971 8-9,
309 1950 431 1971 summa
453 1951 481 1971 v.
507 1950 572 1979 sp„
607 1941 645 1978 3,
668 1941 730 1981 61,
760 1941 818 1980 12;

140 1984 194 2024 26,
228 1984 280 2025 12,
308 1986 358 2018 10.
384 2002 427 2007 -
453 1988 582 2025 varedeo„
616 1986 669 2025 33,
702 1988 753 2027 11,
781 1987 819 2028 δ’,

140 2030 194 2069 32,
227 2030 282 2071 34,
315 2033 334 2064 5
360 2041 391 2062 u.
419 2040 449 2062 a.
488 2049 531 2054 —-
570 2034 686 2064 contin.
717 2034 751 2062 in
777 2043 818 2071 0.,

139 2074 202 2106 wie
228 2075 293 2115 28,
327 2079 368 2116 9,
407 2078 466 2119 14;
496 2076 707 2117 gewo'hnlieh
733 2077 816 2109 ohne

138 2123 184 2159 in,
207 2130 231 2151 s.
257 2131 297 2152 zu
327 2122 380 2161 31,
401 2123 456 2163 26,
476 2123 519 2164 6;
547 2123 665 2155 anders
686 2124 740 2159 23,
762 2123 817 2161 27,

139 2167 177 2203 23
205 2168 261 2205 40,
287 2167 340 2207 58,
370 2169 397 2200 1.
431 2184 476 2190 —-
508 2171 593 2201 inter
618 2181 657 2210 8.,
678 2168 755 2200 weil
782 2172 817 2200 in

142 2213 204 2243 sed.
245 2219 319 2244 sum
355 2212 415 2244 den
454 2213 580 2255 Begriff
614 2214 671 2246 der
702 2213 814 2246 Zuie-

136 2257 266 2298 tractu,
312 2257 406 2289 einen
448 2258 697 2301 Verbalbegrilf
740 2264 814 2291 ent-

135 2302 220 2334 halt.
244 2320 287 2326 —
309 2314 400 2344 pars,
437 2304 495 2336 das
524 2305 728 2347 Vorhergeh.
758 2305 815 2337 bc-

136 2348 358 2388 schrtinkend,
385 2349 451 2391 vgl.
479 2352 510 2391 3,
543 2352 598 2391 61,
633 2353 672 2393 9;
702 2354 735 2391 4,
760 2352 814 2389 33,

140 2395 199 2433 113
226 2397 256 2432 5,
281 2396 336 2435 21,
361 2396 398 2428 5:
424 2397 523 2435 αῖίοε;
559 2397 676 2428 auders
703 2408 729 2428 c.
763 2399 814 2437 12,

137 2440 176 2472 6:
204 2442 288 2471 aliis.
316 2458 358 2462 —
386 2442 556 2474 Heracleae
579 2445 664 2483 incl„
698 2442 816 2474 auders

136 2485 322 2517 construirt
345 2485 394 2518 als
421 2497 449 2518 c.
479 2488 530 2527 16,
556 2489 587 2521 6.

185 2554 328 2587 10—12.
357 2556 494 2597 audere,
528 2565 565 2587 er
598 2556 682 2588 habe
719 2556 817 2588 iiber-

890 1462 993 1505 haupt
1033 1462 1123 1493 nicht
1159 1462 1218 1493 den
1255 1460 1349 1493 Muth
1384 1471 1415 1492 u.
1453 1470 1479 1492 s.
1509 1469 1566 1498 w.,

890 1508 982 1539 nicht
1007 1519 1171 1540 ausurum.
1196 1525 1241 1530 ——
1264 1513 1389 1547 aperto,
1421 1507 1476 1545 21,
1511 1506 1565 1545 25,

894 1556 951 1586 13:
992 1554 1034 1585 ib.
1060 1555 1114 1595 32,
1154 1556 1194 1587 10
1222 1565 1253 1585 u.
1281 1563 1310 1585 a.
1349 1569 1393 1575 -—
1428 1562 1491 1593 req.
1519 1561 1565 1589 ea,

891 1598 1098 1639 Thessalien,
1125 1598 1333 1631 Acarnanien
1359 1608 1389 1629 u.
1418 1607 1443 1629 s.
1459 1606 1500 1628 w.
1522 1615 1566 1618 —-

888 1652 960 1677 ame
988 1646 1096 1686 sam„
1135 1645 1217 1676 auch
1255 1645 1338 1675 dazu
1374 1643 1493 1684 gehen-t
1518 1653 1568 1674 re-

888 1693 1015 1727 tractis:
1051 1691 1091 1721 da
1124 1689 1293 1733 kiimpften
1326 1688 1378 1720 die
1418 1687 1567 1720 Lacedii-

887 1736 1014 1773 monier
1041 1746 1089 1767 am
1113 1740 1221 1768 ersten
1250 1735 1497 1775 Schlachttage,
1515 1743 1566 1764 am

888 1782 1013 1814 letzteu
1032 1792 1134 1823 zogen
1161 1782 1208 1814 sie
1234 1781 1305 1814 sich
1330 1780 1363 1811 in
1389 1781 1449 1812 den
1476 1778 1567 1820 Eug-

886 1838 962 1870 pass
988 1829 1120 1860 zuriick.
1159 1846 1203 1850 -—-
1240 1830 1346 1866 intra,
1379 1836 1406 1858 c.
1438 1827 1496 1863 16,
1538 1827 1566 1865 1,

889 1874 971 1905 dazu
1010 1874 1095 1905 kann
1120 1874 1237 1914 fauces
1271 1872 1397 1904 wieder
1426 1871 1567 1912 gedacht

887 1919 1041 1960 werden,
1078 1919 1157 1951 oder
1185 1929 1218 1951 es
1244 1919 1288 1950 ist
1313 1916 1504 1958 adverbial,
1534 1919 1564 1955 5,

889 1966 950 2006 35,
976 1968 1014 2005 4,
1042 1967 1083 2007 9,
1110 1966 1164 2004 32,
1191 1967 1220 1997 S).
1247 1982 1290 1986 —
1316 1965 1416 2004 quod,
1442 1963 1500 1993 der
1522 1972 1567 1993 an

890 2029 934 2033 --
964 2014 1076 2043 indus.
1113 2009 1370 2053 entsprechende
1403 2007 1566 2049 Fragsatz

888 2056 934 2088 ist
960 2056 1050 2088 nicht
1079 2056 1318 2097 ausgedriiekt,
1348 2054 1381 2085 in
1406 2054 1477 2085 dem
1503 2052 1566 2084 Ge-

889 2102 1029 2141 danken,
1055 2102 1114 2134 auf
1136 2103 1196 2134 den
1220 2104 1306 2142 quod
1329 2097 1564 2138 zuriickweist‚

887 2159 948 2179 nur
961 2148 1180 2188 angedeutet:
1203 2149 1287 2179 mihil
1298 2150 1436 2185 interest,
1454 2151 1564 2177 utrum

885 2196 971 2226 intra
997 2194 1114 2234 fauces
1146 2200 1282 2225 retracta
1306 2198 1410 2224 castra
1435 2192 1563 2228 habeat,-

884 2241 939 2275 25⁴,
966 2241 1020 2272 44.
1050 2241 1079 2278 2,
1109 2239 1172 2279 vgl.
1195 2241 1248 2277 35,
1268 2240 1321 2278 42,
1340 2241 1370 2272 4.
1387 2237 1560 2275 —provis.

884 2298 911 2317 a.
934 2296 1054 2325 praec„
1089 2285 1155 2325 vgl.
1182 2284 1248 2315 Cic.
1274 2283 1376 2315 Attio.
1406 2284 1437 2321 2,
1468 2283 1496 2321 1,
1521 2282 1561 2314 6:

884 2333 973 2372 quod
1001 2342 1020 2361 α
1056 2341 1103 2362 me
1135 2333 1182 2363 ita
1206 2332 1371 2370 provisum
1397 2335 1489 2369 atque
1515 2328 1562 2358 ita

879 2383 1085 2416 praecautum
1117 2383 1171 2416 est,
1206 2375 1296 2408 Lael.
1331 2377 1394 2414 21,
1427 2374 1480 2406 78.
1516 2389 1557 2395 -

882 2429 981 2461 praet.
1021 2424 1135 2461 hostis,
1179 2421 1268 2452 nicht
1305 2421 1362 2452 das
1399 2418 1558 2457 Terrain3

883 2470 982 2499 hostis
1006 2466 1049 2498 ist
1073 2468 1202 2504 Aecus..
1226 2477 1251 2500 s.
1277 2468 1332 2505 38,
1360 2467 1414 2501 21,
1441 2467 1478 2505 53
1505 2464 1560 2504 29,

887 2514 940 2551 28,
964 2515 994 2549 5,
1014 2512 1213 2544 schwerlich
1231 2523 1315 2544 nom.
1334 2510 1468 2552 singult,
1488 2520 1513 2542 s.
1527 2511 1561 2549 4,

888 2560 941 2600 59,
968 2561 996 2591 7.
