<?xml version="1.0" encoding="UTF-8"?>
<!DOCTYPE html PUBLIC "-//W3C//DTD XHTML 1.0 Transitional//EN"
    "http://www.w3.org/TR/xhtml1/DTD/xhtml1-transitional.dtd">
<html xmlns="http://www.w3.org/1999/xhtml" xml:lang="en" lang="en">
 <head>
  <title>
</title>
<meta http-equiv="Content-Type" content="text/html;charset=utf-8" />
  <meta name='ocr-system' content='tesseract 3.04.00' />
  <meta name='ocr-capabilities' content='ocr_page ocr_carea ocr_par ocr_line ocrx_word'/>
</head>
<body>
  <div class='ocr_page' id='page_1' title='image "./aburbeconditalib08livyuoft_0395.png"; bbox 0 0 1747 2841; ppageno 0'>
   <div class='ocr_carea' id='block_1_1' title="bbox 0 0 40 2841">
    <p class='ocr_par' dir='ltr' id='par_1_1' title="bbox 0 0 40 2841">
     <span class='ocr_line' id='line_1_1' title="bbox 0 0 40 2841; baseline 0 0"><span class='ocrx_word' id='word_1_1' title='bbox 0 0 40 2841; x_wconf 95' lang='lat' dir='ltr'> </span> 
     </span>
    </p>
   </div>
   <div class='ocr_carea' id='block_1_2' title="bbox 187 105 362 134">
    <p class='ocr_par' dir='ltr' id='par_1_2' title="bbox 187 105 362 134">
     <span class='ocr_line' id='line_1_2' title="bbox 187 105 362 134; baseline 0 -4"><span class='ocrx_word' id='word_1_2' title='bbox 187 112 213 133; x_wconf 75' lang='lat' dir='ltr'>a.</span> <span class='ocrx_word' id='word_1_3' title='bbox 233 105 283 134; x_wconf 80' lang='lat' dir='ltr'>Ch.</span> <span class='ocrx_word' id='word_1_4' title='bbox 304 105 362 132; x_wconf 82' lang='lat'>187.</span> 
     </span>
    </p>
   </div>
   <div class='ocr_carea' id='block_1_3' title="bbox 190 209 1366 263">
    <p class='ocr_par' dir='ltr' id='par_1_3' title="bbox 190 209 1366 263">
     <span class='ocr_line' id='line_1_3' title="bbox 190 209 1366 263; baseline -0.002 -12"><span class='ocrx_word' id='word_1_5' title='bbox 190 211 380 263; x_wconf 85' lang='lat' dir='ltr'>Scipionis</span> <span class='ocrx_word' id='word_1_6' title='bbox 401 221 629 260; x_wconf 88' lang='lat' dir='ltr'>possessum</span> <span class='ocrx_word' id='word_1_7' title='bbox 649 209 801 261; x_wconf 89' lang='lat' dir='ltr'>publice</span> <span class='ocrx_word' id='word_1_8' title='bbox 821 215 1046 260; x_wconf 81' lang='lat' dir='ltr'>quaestores</span> <span class='ocrx_word' id='word_1_9' title='bbox 1067 216 1222 261; x_wconf 87' lang='lat' dir='ltr'>praetor</span> <span class='ocrx_word' id='word_1_10' title='bbox 1252 211 1366 249; x_wconf 79' lang='lat' dir='ltr'>misit.</span> 
     </span>
    </p>
   </div>
   <div class='ocr_carea' id='block_1_4' title="bbox 635 103 1159 139">
    <p class='ocr_par' dir='ltr' id='par_1_4' title="bbox 635 103 1159 139">
     <span class='ocr_line' id='line_1_4' title="bbox 635 103 1159 139; baseline 0.004 -2"><span class='ocrx_word' id='word_1_11' title='bbox 635 104 758 137; x_wconf 81' lang='lat' dir='ltr'>LIBER</span> <span class='ocrx_word' id='word_1_12' title='bbox 777 103 970 139; x_wconf 79' lang='lat' dir='ltr'>XXXVIII.</span> <span class='ocrx_word' id='word_1_13' title='bbox 996 105 1087 137; x_wconf 80' lang='lat' dir='ltr'>CAP.</span> <span class='ocrx_word' id='word_1_14' title='bbox 1106 104 1159 139; x_wconf 83' lang='lat'>60.</span> 
     </span>
    </p>
   </div>
   <div class='ocr_carea' id='block_1_5' title="bbox 1533 100 1618 147">
    <p class='ocr_par' dir='ltr' id='par_1_5' title="bbox 1533 100 1618 147">
     <span class='ocr_line' id='line_1_5' title="bbox 1533 100 1618 147; baseline -0.059 -1"><span class='ocrx_word' id='word_1_15' title='bbox 1533 100 1618 147; x_wconf 80' lang='lat'>389</span> 
     </span>
    </p>
   </div>
   <div class='ocr_carea' id='block_1_6' title="bbox 1422 211 1616 262">
    <p class='ocr_par' dir='ltr' id='par_1_6' title="bbox 1422 211 1616 262">
     <span class='ocr_line' id='line_1_6' title="bbox 1422 211 1616 262; baseline -0.005 -12"><span class='ocrx_word' id='word_1_16' title='bbox 1422 224 1547 262; x_wconf 85' lang='lat' dir='ltr'>neque</span> <span class='ocrx_word' id='word_1_17' title='bbox 1575 211 1616 249; x_wconf 90' lang='lat' dir='ltr'>in</span> 
     </span>
    </p>
   </div>
   <div class='ocr_carea' id='block_1_7' title="bbox 189 266 1652 488">
    <p class='ocr_par' dir='ltr' id='par_1_7' title="bbox 189 266 1652 488">
     <span class='ocr_line' id='line_1_7' title="bbox 189 266 1615 318; baseline -0.001 -11"><span class='ocrx_word' id='word_1_18' title='bbox 189 269 235 308; x_wconf 85' lang='lat' dir='ltr'>iis</span> <span class='ocrx_word' id='word_1_19' title='bbox 255 280 334 307; x_wconf 91' lang='lat' dir='ltr'>non</span> <span class='ocrx_word' id='word_1_20' title='bbox 356 267 473 306; x_wconf 90' lang='lat' dir='ltr'>modo</span> <span class='ocrx_word' id='word_1_21' title='bbox 494 266 699 318; x_wconf 83' lang='lat' dir='ltr'>vestigium</span> <span class='ocrx_word' id='word_1_22' title='bbox 721 266 842 305; x_wconf 92' lang='lat' dir='ltr'>ullum</span> <span class='ocrx_word' id='word_1_23' title='bbox 858 266 1075 318; x_wconf 83' lang='lat' dir='ltr'>comparuit</span> <span class='ocrx_word' id='word_1_24' title='bbox 1091 267 1278 317; x_wconf 85' lang='lat' dir='ltr'>pecuniae</span> <span class='ocrx_word' id='word_1_25' title='bbox 1294 267 1431 318; x_wconf 82' lang='lat' dir='ltr'>regiae,</span> <span class='ocrx_word' id='word_1_26' title='bbox 1454 269 1519 307; x_wconf 89' lang='lat' dir='ltr'>sed</span> <span class='ocrx_word' id='word_1_27' title='bbox 1544 279 1615 306; x_wconf 91' lang='lat' dir='ltr'>ne-</span> 
     </span>
     <span class='ocr_line' id='line_1_8' title="bbox 191 323 1615 377; baseline -0.001 -13"><span class='ocrx_word' id='word_1_28' title='bbox 191 336 387 377; x_wconf 88' lang='lat' dir='ltr'>quaquam</span> <span class='ocrx_word' id='word_1_29' title='bbox 410 329 559 362; x_wconf 89' lang='lat' dir='ltr'>tantum</span> <span class='ocrx_word' id='word_1_30' title='bbox 580 323 777 362; x_wconf 87' lang='lat' dir='ltr'>redactum</span> <span class='ocrx_word' id='word_1_31' title='bbox 793 328 860 369; x_wconf 91' lang='lat' dir='ltr'>est,</span> <span class='ocrx_word' id='word_1_32' title='bbox 876 329 1039 374; x_wconf 85' lang='lat' dir='ltr'>quantae</span> <span class='ocrx_word' id='word_1_33' title='bbox 1063 335 1237 362; x_wconf 88' lang='lat' dir='ltr'>summae</span> <span class='ocrx_word' id='word_1_34' title='bbox 1252 324 1456 363; x_wconf 89' lang='lat' dir='ltr'>damnatus</span> <span class='ocrx_word' id='word_1_35' title='bbox 1480 326 1615 364; x_wconf 83' lang='lat' dir='ltr'>suerat.</span> 
     </span>
     <span class='ocr_line' id='line_1_9' title="bbox 193 379 1652 432; baseline 0 -11"><span class='ocrx_word' id='word_1_36' title='bbox 193 383 323 421; x_wconf 86' lang='lat' dir='ltr'>collata</span> <span class='ocrx_word' id='word_1_37' title='bbox 336 392 378 419; x_wconf 88' lang='lat' dir='ltr'>ea</span> <span class='ocrx_word' id='word_1_38' title='bbox 390 380 554 431; x_wconf 91' lang='lat' dir='ltr'>pecunia</span> <span class='ocrx_word' id='word_1_39' title='bbox 567 393 586 419; x_wconf 91' lang='lat' dir='ltr'>a</span> <span class='ocrx_word' id='word_1_40' title='bbox 600 380 771 431; x_wconf 82' lang='lat' dir='ltr'>cognatis</span> <span class='ocrx_word' id='word_1_41' title='bbox 792 380 1003 431; x_wconf 84' lang='lat' dir='ltr'>amicisque</span> <span class='ocrx_word' id='word_1_42' title='bbox 1027 385 1063 417; x_wconf 90' lang='lat' dir='ltr'>et</span> <span class='ocrx_word' id='word_1_43' title='bbox 1085 379 1287 419; x_wconf 80' lang='lat' dir='ltr'>clientibus</span> <span class='ocrx_word' id='word_1_44' title='bbox 1308 386 1365 419; x_wconf 85' lang='lat' dir='ltr'>est</span> <span class='ocrx_word' id='word_1_45' title='bbox 1375 380 1416 419; x_wconf 91' lang='lat' dir='ltr'>L.</span> <span class='ocrx_word' id='word_1_46' title='bbox 1429 381 1612 432; x_wconf 85' lang='lat' dir='ltr'>Scipioni,</span> <span class='ocrx_word' id='word_1_47' title='bbox 1632 390 1652 422; x_wconf 86' lang='lat'>9</span> 
     </span>
     <span class='ocr_line' id='line_1_10' title="bbox 192 436 1613 488; baseline -0.001 -10"><span class='ocrx_word' id='word_1_48' title='bbox 192 447 245 481; x_wconf 73' lang='lat' dir='ltr'>ut,</span> <span class='ocrx_word' id='word_1_49' title='bbox 275 438 306 477; x_wconf 92' lang='lat' dir='ltr'>si</span> <span class='ocrx_word' id='word_1_50' title='bbox 326 437 517 488; x_wconf 89' lang='lat' dir='ltr'>acciperet</span> <span class='ocrx_word' id='word_1_51' title='bbox 536 449 631 483; x_wconf 85' lang='lat' dir='ltr'>eam,</span> <span class='ocrx_word' id='word_1_52' title='bbox 653 436 883 487; x_wconf 80' lang='lat' dir='ltr'>locupletior</span> <span class='ocrx_word' id='word_1_53' title='bbox 904 437 1097 487; x_wconf 88' lang='lat' dir='ltr'>aliquanto</span> <span class='ocrx_word' id='word_1_54' title='bbox 1124 443 1234 483; x_wconf 84' lang='lat' dir='ltr'>esset,</span> <span class='ocrx_word' id='word_1_55' title='bbox 1266 449 1382 487; x_wconf 90' lang='lat' dir='ltr'>quam</span> <span class='ocrx_word' id='word_1_56' title='bbox 1404 443 1491 476; x_wconf 89' lang='lat' dir='ltr'>ante</span> <span class='ocrx_word' id='word_1_57' title='bbox 1512 438 1613 477; x_wconf 90' lang='lat' dir='ltr'>cala—</span> 
     </span>
    </p>
   </div>
   <div class='ocr_carea' id='block_1_8' title="bbox 193 493 1678 544">
    <p class='ocr_par' dir='ltr' id='par_1_8' title="bbox 193 493 1678 544">
     <span class='ocr_line' id='line_1_11' title="bbox 193 493 1678 544; baseline -0.001 -10"><span class='ocrx_word' id='word_1_58' title='bbox 193 495 361 534; x_wconf 88' lang='lat' dir='ltr'>mitatem</span> <span class='ocrx_word' id='word_1_59' title='bbox 393 496 529 532; x_wconf 82' lang='lat' dir='ltr'>fuerat.</span> <span class='ocrx_word' id='word_1_60' title='bbox 570 493 664 532; x_wconf 91' lang='lat' dir='ltr'>nihil</span> <span class='ocrx_word' id='word_1_61' title='bbox 694 493 860 543; x_wconf 84' lang='lat' dir='ltr'>accepit3</span> <span class='ocrx_word' id='word_1_62' title='bbox 893 505 990 544; x_wconf 88' lang='lat' dir='ltr'>quae</span> <span class='ocrx_word' id='word_1_63' title='bbox 1013 493 1227 532; x_wconf 86' lang='lat' dir='ltr'>necessaria</span> <span class='ocrx_word' id='word_1_64' title='bbox 1257 494 1303 532; x_wconf 91' lang='lat' dir='ltr'>ad</span> <span class='ocrx_word' id='word_1_65' title='bbox 1325 494 1471 533; x_wconf 85' lang='lat' dir='ltr'>cultum</span> <span class='ocrx_word' id='word_1_66' title='bbox 1494 499 1614 541; x_wconf 89' lang='lat' dir='ltr'>erant,</span> <span class='ocrx_word' id='word_1_67' title='bbox 1637 499 1678 533; x_wconf 85' lang='lat'>10</span> 
     </span>
    </p>
   </div>
   <div class='ocr_carea' id='block_1_9' title="bbox 189 550 1613 658">
    <p class='ocr_par' dir='ltr' id='par_1_9' title="bbox 189 550 1613 658">
     <span class='ocr_line' id='line_1_12' title="bbox 192 550 1613 602; baseline 0 -12"><span class='ocrx_word' id='word_1_68' title='bbox 192 551 390 602; x_wconf 87' lang='lat' dir='ltr'>redempta</span> <span class='ocrx_word' id='word_1_69' title='bbox 422 551 454 589; x_wconf 91' lang='lat' dir='ltr'>ei</span> <span class='ocrx_word' id='word_1_70' title='bbox 486 563 505 589; x_wconf 92' lang='lat' dir='ltr'>a</span> <span class='ocrx_word' id='word_1_71' title='bbox 538 550 725 601; x_wconf 82' lang='lat' dir='ltr'>proximis</span> <span class='ocrx_word' id='word_1_72' title='bbox 763 550 934 600; x_wconf 84' lang='lat' dir='ltr'>cognatis</span> <span class='ocrx_word' id='word_1_73' title='bbox 966 554 1079 595; x_wconf 80' lang='lat' dir='ltr'>sunt3</span> <span class='ocrx_word' id='word_1_74' title='bbox 1111 555 1355 602; x_wconf 81' lang='lat' dir='ltr'>verteratque</span> <span class='ocrx_word' id='word_1_75' title='bbox 1385 551 1613 602; x_wconf 87' lang='lat' dir='ltr'>Scipionum</span> 
     </span>
     <span class='ocr_line' id='line_1_13' title="bbox 189 606 1362 658; baseline -0.003 -10"><span class='ocrx_word' id='word_1_76' title='bbox 189 607 331 648; x_wconf 81' lang='lat' dir='ltr'>invidia</span> <span class='ocrx_word' id='word_1_77' title='bbox 353 608 391 646; x_wconf 92' lang='lat' dir='ltr'>in</span> <span class='ocrx_word' id='word_1_78' title='bbox 412 613 631 658; x_wconf 82' lang='lat' dir='ltr'>praetorem</span> <span class='ocrx_word' id='word_1_79' title='bbox 652 612 688 645; x_wconf 89' lang='lat' dir='ltr'>et</span> <span class='ocrx_word' id='word_1_80' title='bbox 707 606 913 645; x_wconf 84' lang='lat' dir='ltr'>consilium</span> <span class='ocrx_word' id='word_1_81' title='bbox 936 606 1018 645; x_wconf 90' lang='lat' dir='ltr'>eius</span> <span class='ocrx_word' id='word_1_82' title='bbox 1050 611 1087 644; x_wconf 89' lang='lat' dir='ltr'>et</span> <span class='ocrx_word' id='word_1_83' title='bbox 1109 612 1362 646; x_wconf 83' lang='lat' dir='ltr'>accusatores.</span> 
     </span>
    </p>
   </div>
   <div class='ocr_carea' id='block_1_10' title="bbox 164 753 873 2577">
    <p class='ocr_par' dir='ltr' id='par_1_10' title="bbox 164 753 873 2577">
     <span class='ocr_line' id='line_1_14' title="bbox 188 753 870 795; baseline -0.004 -8"><span class='ocrx_word' id='word_1_84' title='bbox 188 766 365 795; x_wconf 66' lang='lat' dir='ltr'>possessum</span> <span class='ocrx_word' id='word_1_85' title='bbox 394 764 456 785; x_wconf 74' lang='lat' dir='ltr'>von</span> <span class='ocrx_word' id='word_1_86' title='bbox 476 755 615 793; x_wconf 71' lang='lat' dir='ltr'>possido,</span> <span class='ocrx_word' id='word_1_87' title='bbox 648 764 672 784; x_wconf 85' lang='lat' dir='ltr'>s.</span> <span class='ocrx_word' id='word_1_88' title='bbox 699 763 726 784; x_wconf 87' lang='lat' dir='ltr'>c.</span> <span class='ocrx_word' id='word_1_89' title='bbox 758 753 807 790; x_wconf 83' lang='lat'>16,</span> <span class='ocrx_word' id='word_1_90' title='bbox 829 754 870 791; x_wconf 72' lang='lat'>43</span> 
     </span>
     <span class='ocr_line' id='line_1_15' title="bbox 194 798 869 841; baseline -0.01 -6"><span class='ocrx_word' id='word_1_91' title='bbox 194 803 247 840; x_wconf 85' lang='lat'>31,</span> <span class='ocrx_word' id='word_1_92' title='bbox 277 803 329 840; x_wconf 77' lang='lat'>31,</span> <span class='ocrx_word' id='word_1_93' title='bbox 357 801 376 833; x_wconf 80' lang='grc'>6</span> <span class='ocrx_word' id='word_1_94' title='bbox 402 811 431 831; x_wconf 93' lang='lat' dir='ltr'>u.</span> <span class='ocrx_word' id='word_1_95' title='bbox 460 798 525 841; x_wconf 75' lang='lat' dir='ltr'>0ft3</span> <span class='ocrx_word' id='word_1_96' title='bbox 550 808 585 831; x_wconf 84' lang='lat' dir='ltr'>es</span> <span class='ocrx_word' id='word_1_97' title='bbox 611 798 655 830; x_wconf 83' lang='lat' dir='ltr'>ist</span> <span class='ocrx_word' id='word_1_98' title='bbox 683 798 734 830; x_wconf 87' lang='lat' dir='ltr'>die</span> <span class='ocrx_word' id='word_1_99' title='bbox 764 799 869 828; x_wconf 56' lang='grc' dir='ltr'><strong>»11293ίο</strong></span> 
     </span>
     <span class='ocr_line' id='line_1_16' title="bbox 195 842 869 885; baseline -0.006 -8"><span class='ocrx_word' id='word_1_100' title='bbox 195 850 226 878; x_wconf 77' lang='lat' dir='ltr'>in</span> <span class='ocrx_word' id='word_1_101' title='bbox 253 848 341 885; x_wconf 77' lang='lat' dir='ltr'>bona,</span> <span class='ocrx_word' id='word_1_102' title='bbox 369 845 495 878; x_wconf 82' lang='lat' dir='ltr'>welche</span> <span class='ocrx_word' id='word_1_103' title='bbox 523 845 580 876; x_wconf 87' lang='lat' dir='ltr'>der</span> <span class='ocrx_word' id='word_1_104' title='bbox 605 845 713 876; x_wconf 78' lang='lat' dir='ltr'>&#39;altere</span> <span class='ocrx_word' id='word_1_105' title='bbox 738 842 869 874; x_wconf 87' lang='lat' dir='ltr'>Bericht</span> 
     </span>
     <span class='ocr_line' id='line_1_17' title="bbox 194 887 867 932; baseline -0.006 -9"><span class='ocrx_word' id='word_1_106' title='bbox 194 892 285 924; x_wconf 79' lang='lat' dir='ltr'>nicht.</span> <span class='ocrx_word' id='word_1_107' title='bbox 315 892 427 932; x_wconf 67' lang='lat' dir='ltr'>kennt,</span> <span class='ocrx_word' id='word_1_108' title='bbox 470 890 511 922; x_wconf 87' lang='lat' dir='ltr'>da</span> <span class='ocrx_word' id='word_1_109' title='bbox 550 890 583 921; x_wconf 93' lang='lat' dir='ltr'>in</span> <span class='ocrx_word' id='word_1_110' title='bbox 625 891 683 922; x_wconf 87' lang='lat' dir='ltr'>der</span> <span class='ocrx_word' id='word_1_111' title='bbox 715 887 867 920; x_wconf 87' lang='lat' dir='ltr'>friiheren</span> 
     </span>
     <span class='ocr_line' id='line_1_18' title="bbox 191 933 870 975; baseline -0.007 -5"><span class='ocrx_word' id='word_1_112' title='bbox 191 937 268 970; x_wconf 83' lang='lat' dir='ltr'>Zeit</span> <span class='ocrx_word' id='word_1_113' title='bbox 293 948 353 969; x_wconf 86' lang='lat' dir='ltr'>nur</span> <span class='ocrx_word' id='word_1_114' title='bbox 377 937 429 969; x_wconf 85' lang='lat' dir='ltr'>die</span> <span class='ocrx_word' id='word_1_115' title='bbox 456 935 589 975; x_wconf 87' lang='lat' dir='ltr'>Person,</span> <span class='ocrx_word' id='word_1_116' title='bbox 623 946 658 967; x_wconf 91' lang='lat' dir='ltr'>so</span> <span class='ocrx_word' id='word_1_117' title='bbox 690 935 787 975; x_wconf 84' lang='lat' dir='ltr'>lange</span> <span class='ocrx_word' id='word_1_118' title='bbox 821 933 870 965; x_wconf 89' lang='lat' dir='ltr'>sie</span> 
     </span>
     <span class='ocr_line' id='line_1_19' title="bbox 193 978 868 1022; baseline -0.007 -7"><span class='ocrx_word' id='word_1_119' title='bbox 193 983 341 1016; x_wconf 86' lang='lat' dir='ltr'>Freiheit.</span> <span class='ocrx_word' id='word_1_120' title='bbox 364 994 393 1014; x_wconf 89' lang='lat' dir='ltr'>u.</span> <span class='ocrx_word' id='word_1_121' title='bbox 422 982 645 1022; x_wconf 86' lang='lat' dir='ltr'>Biirgerrecht</span> <span class='ocrx_word' id='word_1_122' title='bbox 662 981 768 1020; x_wconf 79' lang='lat' dir='ltr'>hatte,</span> <span class='ocrx_word' id='word_1_123' title='bbox 793 978 868 1011; x_wconf 84' lang='lat' dir='ltr'>haf—</span> 
     </span>
     <span class='ocr_line' id='line_1_20' title="bbox 193 1025 868 1068; baseline -0.007 -7"><span class='ocrx_word' id='word_1_124' title='bbox 193 1033 274 1067; x_wconf 79' lang='lat' dir='ltr'>tete,</span> <span class='ocrx_word' id='word_1_125' title='bbox 320 1029 377 1060; x_wconf 87' lang='lat' dir='ltr'>das</span> <span class='ocrx_word' id='word_1_126' title='bbox 420 1027 604 1068; x_wconf 72' lang='lat' dir='ltr'>Vermiigen</span> <span class='ocrx_word' id='word_1_127' title='bbox 651 1027 733 1057; x_wconf 88' lang='lat' dir='ltr'>ohne</span> <span class='ocrx_word' id='word_1_128' title='bbox 774 1025 868 1057; x_wconf 82' lang='lat' dir='ltr'>ihren</span> 
     </span>
     <span class='ocr_line' id='line_1_21' title="bbox 190 1073 867 1113; baseline -0.007 -6"><span class='ocrx_word' id='word_1_129' title='bbox 190 1074 320 1107; x_wconf 81' lang='lat' dir='ltr'>willen</span> <span class='ocrx_word' id='word_1_130' title='bbox 358 1073 448 1104; x_wconf 85' lang='lat' dir='ltr'>nicht</span> <span class='ocrx_word' id='word_1_131' title='bbox 481 1081 746 1113; x_wconf 82' lang='lat' dir='ltr'>weggenommen</span> <span class='ocrx_word' id='word_1_132' title='bbox 779 1081 867 1103; x_wconf 84' lang='lat' dir='ltr'>wer-</span> 
     </span>
     <span class='ocr_line' id='line_1_22' title="bbox 193 1117 868 1157; baseline -0.006 -5"><span class='ocrx_word' id='word_1_133' title='bbox 193 1121 252 1153; x_wconf 88' lang='lat' dir='ltr'>den</span> <span class='ocrx_word' id='word_1_134' title='bbox 279 1120 415 1157; x_wconf 83' lang='lat' dir='ltr'>konnte,</span> <span class='ocrx_word' id='word_1_135' title='bbox 449 1118 608 1149; x_wconf 77' lang='lat' dir='ltr'>w&#39;ahrend</span> <span class='ocrx_word' id='word_1_136' title='bbox 639 1117 687 1149; x_wconf 85' lang='lat' dir='ltr'>sie</span> <span class='ocrx_word' id='word_1_137' title='bbox 727 1117 758 1148; x_wconf 93' lang='lat' dir='ltr'>in</span> <span class='ocrx_word' id='word_1_138' title='bbox 796 1117 868 1149; x_wconf 90' lang='lat' dir='ltr'>dem</span> 
     </span>
     <span class='ocr_line' id='line_1_23' title="bbox 192 1163 866 1207; baseline -0.006 -9"><span class='ocrx_word' id='word_1_139' title='bbox 192 1165 485 1207; x_wconf 83' lang='lat' dir='ltr'>Peculatprocesse</span> <span class='ocrx_word' id='word_1_140' title='bbox 531 1164 588 1195; x_wconf 86' lang='lat' dir='ltr'>des</span> <span class='ocrx_word' id='word_1_141' title='bbox 627 1166 657 1196; x_wconf 82' lang='lat'>7.</span> <span class='ocrx_word' id='word_1_142' title='bbox 698 1163 866 1195; x_wconf 85' lang='lat' dir='ltr'>Jahrhun-</span> 
     </span>
     <span class='ocr_line' id='line_1_24' title="bbox 189 1208 867 1245; baseline -0.006 -2"><span class='ocrx_word' id='word_1_143' title='bbox 189 1212 294 1245; x_wconf 75' lang='lat' dir='ltr'>derts.</span> <span class='ocrx_word' id='word_1_144' title='bbox 319 1211 380 1242; x_wconf 84' lang='lat' dir='ltr'>den</span> <span class='ocrx_word' id='word_1_145' title='bbox 405 1209 561 1242; x_wconf 85' lang='lat' dir='ltr'>Valerius</span> <span class='ocrx_word' id='word_1_146' title='bbox 586 1209 706 1240; x_wconf 85' lang='lat' dir='ltr'>Antias</span> <span class='ocrx_word' id='word_1_147' title='bbox 741 1219 781 1240; x_wconf 87' lang='lat' dir='ltr'>an</span> <span class='ocrx_word' id='word_1_148' title='bbox 816 1208 867 1240; x_wconf 86' lang='lat' dir='ltr'>die</span> 
     </span>
     <span class='ocr_line' id='line_1_25' title="bbox 191 1254 867 1297; baseline -0.006 -8"><span class='ocrx_word' id='word_1_149' title='bbox 191 1256 295 1289; x_wconf 89' lang='lat' dir='ltr'>Stelle</span> <span class='ocrx_word' id='word_1_150' title='bbox 320 1256 376 1288; x_wconf 87' lang='lat' dir='ltr'>des</span> <span class='ocrx_word' id='word_1_151' title='bbox 397 1255 651 1297; x_wconf 84' lang='lat' dir='ltr'>Multprocesses</span> <span class='ocrx_word' id='word_1_152' title='bbox 677 1255 733 1286; x_wconf 90' lang='lat' dir='ltr'>des</span> <span class='ocrx_word' id='word_1_153' title='bbox 758 1254 867 1297; x_wconf 86' lang='lat' dir='ltr'>Scipio</span> 
     </span>
     <span class='ocr_line' id='line_1_26' title="bbox 193 1300 866 1344; baseline -0.004 -9"><span class='ocrx_word' id='word_1_154' title='bbox 193 1306 322 1344; x_wconf 84' lang='lat' dir='ltr'>gesetzt</span> <span class='ocrx_word' id='word_1_155' title='bbox 345 1302 416 1341; x_wconf 81' lang='lat' dir='ltr'>hat,</span> <span class='ocrx_word' id='word_1_156' title='bbox 445 1304 608 1342; x_wconf 83' lang='lat' dir='ltr'>gestattet</span> <span class='ocrx_word' id='word_1_157' title='bbox 639 1311 721 1341; x_wconf 78' lang='lat' dir='ltr'>war,</span> <span class='ocrx_word' id='word_1_158' title='bbox 755 1311 780 1332; x_wconf 94' lang='lat' dir='ltr'>s.</span> <span class='ocrx_word' id='word_1_159' title='bbox 811 1300 866 1332; x_wconf 85' lang='lat' dir='ltr'>lex</span> 
     </span>
     <span class='ocr_line' id='line_1_27' title="bbox 193 1345 866 1389; baseline -0.001 -9"><span class='ocrx_word' id='word_1_160' title='bbox 193 1348 322 1388; x_wconf 83' lang='lat' dir='ltr'>(Acilia)</span> <span class='ocrx_word' id='word_1_161' title='bbox 355 1347 566 1389; x_wconf 83' lang='lat' dir='ltr'>repetundar.</span> <span class='ocrx_word' id='word_1_162' title='bbox 597 1345 675 1378; x_wconf 88' lang='lat' dir='ltr'>CIL.</span> <span class='ocrx_word' id='word_1_163' title='bbox 700 1345 722 1378; x_wconf 93' lang='lat' dir='ltr'>I.</span> <span class='ocrx_word' id='word_1_164' title='bbox 747 1357 777 1388; x_wconf 86' lang='lat' dir='ltr'>p.</span> <span class='ocrx_word' id='word_1_165' title='bbox 812 1347 866 1386; x_wconf 88' lang='lat'>61,</span> 
     </span>
     <span class='ocr_line' id='line_1_28' title="bbox 164 1393 866 1434; baseline -0.003 -9"><span class='ocrx_word' id='word_1_166' title='bbox 164 1400 166 1402; x_wconf 80' lang='grc'>’</span> <span class='ocrx_word' id='word_1_167' title='bbox 193 1393 297 1425; x_wconf 79' lang='lat' dir='ltr'>Lvn:</span> <span class='ocrx_word' id='word_1_168' title='bbox 335 1395 407 1434; x_wconf 83' lang='lat' dir='ltr'>quei</span> <span class='ocrx_word' id='word_1_169' title='bbox 444 1404 481 1424; x_wconf 70' lang='lat' dir='ltr'>ea·</span> <span class='ocrx_word' id='word_1_170' title='bbox 518 1394 591 1425; x_wconf 72' lang='lat' dir='ltr'>hace</span> <span class='ocrx_word' id='word_1_171' title='bbox 627 1394 690 1434; x_wconf 74' lang='lat' dir='ltr'>leqe</span> <span class='ocrx_word' id='word_1_172' title='bbox 721 1394 866 1424; x_wconf 80' lang='lat' dir='ltr'>condem-</span> 
     </span>
     <span class='ocr_line' id='line_1_29' title="bbox 191 1439 865 1480; baseline -0.003 -9"><span class='ocrx_word' id='word_1_173' title='bbox 191 1446 286 1472; x_wconf 73' lang='lat' dir='ltr'>natus</span> <span class='ocrx_word' id='word_1_174' title='bbox 313 1442 374 1472; x_wconf 83' lang='lat' dir='ltr'>erit</span> <span class='ocrx_word' id='word_1_175' title='bbox 409 1441 570 1480; x_wconf 77' lang='lat' dir='ltr'>quaestori</span> <span class='ocrx_word' id='word_1_176' title='bbox 594 1440 729 1477; x_wconf 73' lang='lat' dir='ltr'>praedes</span> <span class='ocrx_word' id='word_1_177' title='bbox 759 1439 865 1480; x_wconf 86' lang='lat' dir='ltr'>facito</span> 
     </span>
     <span class='ocr_line' id='line_1_30' title="bbox 191 1485 866 1523; baseline -0.004 -5"><span class='ocrx_word' id='word_1_178' title='bbox 191 1489 240 1518; x_wconf 78' lang='lat' dir='ltr'>det</span> <span class='ocrx_word' id='word_1_179' title='bbox 264 1487 301 1517; x_wconf 83' lang='lat' dir='ltr'>dc</span> <span class='ocrx_word' id='word_1_180' title='bbox 323 1487 436 1517; x_wconf 75' lang='lat' dir='ltr'>consili</span> <span class='ocrx_word' id='word_1_181' title='bbox 453 1485 584 1516; x_wconf 77' lang='lat' dir='ltr'>maioris</span> <span class='ocrx_word' id='word_1_182' title='bbox 602 1486 708 1523; x_wconf 80' lang='lat' dir='ltr'>partie</span> <span class='ocrx_word' id='word_1_183' title='bbox 741 1490 866 1516; x_wconf 70' lang='lat' dir='ltr'>senten-</span> 
     </span>
     <span class='ocr_line' id='line_1_31' title="bbox 190 1531 866 1572; baseline -0.004 -9"><span class='ocrx_word' id='word_1_184' title='bbox 190 1534 246 1571; x_wconf 81' lang='lat' dir='ltr'>tia,</span> <span class='ocrx_word' id='word_1_185' title='bbox 287 1533 403 1572; x_wconf 79' lang='lat' dir='ltr'>quanti</span> <span class='ocrx_word' id='word_1_186' title='bbox 435 1532 478 1562; x_wconf 72' lang='lat' dir='ltr'>eie</span> <span class='ocrx_word' id='word_1_187' title='bbox 511 1532 699 1562; x_wconf 75' lang='lat' dir='ltr'>censuerint.</span> <span class='ocrx_word' id='word_1_188' title='bbox 740 1532 786 1561; x_wconf 74' lang='lat' dir='ltr'>sei</span> <span class='ocrx_word' id='word_1_189' title='bbox 822 1531 866 1561; x_wconf 82' lang='lat' dir='ltr'>ita</span> 
     </span>
     <span class='ocr_line' id='line_1_32' title="bbox 185 1577 868 1617; baseline -0.004 -8"><span class='ocrx_word' id='word_1_190' title='bbox 185 1579 321 1616; x_wconf 76' lang='lat' dir='ltr'>praedes</span> <span class='ocrx_word' id='word_1_191' title='bbox 345 1579 430 1608; x_wconf 85' lang='lat' dir='ltr'>datei</span> <span class='ocrx_word' id='word_1_192' title='bbox 455 1587 520 1607; x_wconf 78' lang='lat' dir='ltr'>non</span> <span class='ocrx_word' id='word_1_193' title='bbox 544 1582 648 1617; x_wconf 85' lang='lat' dir='ltr'>erunt,</span> <span class='ocrx_word' id='word_1_194' title='bbox 683 1577 762 1607; x_wconf 86' lang='lat' dir='ltr'>bona</span> <span class='ocrx_word' id='word_1_195' title='bbox 801 1577 868 1607; x_wconf 69' lang='lat' dir='ltr'>eius</span> 
     </span>
     <span class='ocr_line' id='line_1_33' title="bbox 182 1620 868 1663; baseline -0.001 -9"><span class='ocrx_word' id='word_1_196' title='bbox 182 1623 289 1663; x_wconf 79' lang='lat' dir='ltr'>facito</span> <span class='ocrx_word' id='word_1_197' title='bbox 334 1624 463 1663; x_wconf 71' lang='lat' dir='ltr'>puplice</span> <span class='ocrx_word' id='word_1_198' title='bbox 500 1620 748 1662; x_wconf 69' lang='lat' dir='ltr'>possideantur,</span> <span class='ocrx_word' id='word_1_199' title='bbox 795 1633 868 1653; x_wconf 88' lang='lat' dir='ltr'>con-</span> 
     </span>
     <span class='ocr_line' id='line_1_34' title="bbox 189 1673 867 1710; baseline -0.001 -10"><span class='ocrx_word' id='word_1_200' title='bbox 189 1674 406 1710; x_wconf 79' lang='lat' dir='ltr'>quaeruntur,</span> <span class='ocrx_word' id='word_1_201' title='bbox 458 1674 598 1700; x_wconf 80' lang='lat' dir='ltr'>veneant.</span> <span class='ocrx_word' id='word_1_202' title='bbox 642 1686 686 1690; x_wconf 96' lang='lat'>—</span> <span class='ocrx_word' id='word_1_203' title='bbox 720 1673 867 1708; x_wconf 76' lang='lat' dir='ltr'>quaestor</span> 
     </span>
     <span class='ocr_line' id='line_1_35' title="bbox 191 1715 867 1754; baseline -0.004 -8"><span class='ocrx_word' id='word_1_204' title='bbox 191 1716 321 1754; x_wconf 79' lang='lat' dir='ltr'>accipito</span> <span class='ocrx_word' id='word_1_205' title='bbox 346 1720 374 1746; x_wconf 86' lang='lat' dir='ltr'>et</span> <span class='ocrx_word' id='word_1_206' title='bbox 397 1715 432 1745; x_wconf 82' lang='lat' dir='ltr'>in</span> <span class='ocrx_word' id='word_1_207' title='bbox 456 1715 582 1746; x_wconf 79' lang='lat' dir='ltr'>tabolez’s</span> <span class='ocrx_word' id='word_1_208' title='bbox 593 1716 746 1753; x_wconf 76' lang='lat' dir='ltr'>poplicez&#39;s</span> <span class='ocrx_word' id='word_1_209' title='bbox 762 1715 867 1753; x_wconf 70' lang='lat' dir='ltr'>scrip-</span> 
     </span>
     <span class='ocr_line' id='line_1_36' title="bbox 192 1757 867 1798; baseline -0.003 -6"><span class='ocrx_word' id='word_1_210' title='bbox 192 1767 258 1792; x_wconf 80' lang='lat' dir='ltr'>tum</span> <span class='ocrx_word' id='word_1_211' title='bbox 273 1761 400 1798; x_wconf 77' lang='lat' dir='ltr'>habeto;</span> <span class='ocrx_word' id='word_1_212' title='bbox 425 1757 507 1790; x_wconf 89' lang='lat' dir='ltr'>Tab.</span> <span class='ocrx_word' id='word_1_213' title='bbox 526 1759 620 1790; x_wconf 85' lang='lat' dir='ltr'>Bant.</span> <span class='ocrx_word' id='word_1_214' title='bbox 648 1760 706 1792; x_wconf 89' lang='lat'>11:</span> <span class='ocrx_word' id='word_1_215' title='bbox 731 1762 778 1791; x_wconf 78' lang='lat' dir='ltr'>sei</span> <span class='ocrx_word' id='word_1_216' title='bbox 794 1770 867 1791; x_wconf 82' lang='lat' dir='ltr'>con-</span> 
     </span>
     <span class='ocr_line' id='line_1_37' title="bbox 190 1807 866 1845; baseline 0 -8"><span class='ocrx_word' id='word_1_217' title='bbox 190 1807 356 1838; x_wconf 75' lang='lat' dir='ltr'>demnatus</span> <span class='ocrx_word' id='word_1_218' title='bbox 386 1807 446 1838; x_wconf 78' lang='lat' dir='ltr'>erit</span> <span class='ocrx_word' id='word_1_219' title='bbox 479 1823 525 1828; x_wconf 93' lang='lat'>—</span> <span class='ocrx_word' id='word_1_220' title='bbox 542 1807 678 1845; x_wconf 71' lang='lat' dir='ltr'>praedes</span> <span class='ocrx_word' id='word_1_221' title='bbox 704 1807 747 1836; x_wconf 87' lang='lat' dir='ltr'>ad</span> <span class='ocrx_word' id='word_1_222' title='bbox 769 1816 866 1845; x_wconf 80' lang='lat' dir='ltr'>quae-</span> 
     </span>
     <span class='ocr_line' id='line_1_38' title="bbox 191 1852 869 1890; baseline 0 -8"><span class='ocrx_word' id='word_1_223' title='bbox 191 1858 305 1883; x_wconf 77' lang='lat' dir='ltr'>storem</span> <span class='ocrx_word' id='word_1_224' title='bbox 329 1853 399 1884; x_wconf 81' lang='lat' dir='ltr'>wrb.</span> <span class='ocrx_word' id='word_1_225' title='bbox 420 1853 470 1883; x_wconf 83' lang='lat' dir='ltr'>det</span> <span class='ocrx_word' id='word_1_226' title='bbox 495 1858 550 1884; x_wconf 90' lang='lat' dir='ltr'>aut</span> <span class='ocrx_word' id='word_1_227' title='bbox 566 1852 646 1882; x_wconf 79' lang='lat' dir='ltr'>bona</span> <span class='ocrx_word' id='word_1_228' title='bbox 663 1853 730 1882; x_wconf 76' lang='lat' dir='ltr'>eius</span> <span class='ocrx_word' id='word_1_229' title='bbox 743 1853 869 1890; x_wconf 76' lang='lat' dir='ltr'>poplice</span> 
     </span>
     <span class='ocr_line' id='line_1_39' title="bbox 184 1896 866 1937; baseline 0.001 -9"><span class='ocrx_word' id='word_1_230' title='bbox 184 1899 412 1937; x_wconf 68' lang='lat' dir='ltr'>possideantur</span> <span class='ocrx_word' id='word_1_231' title='bbox 433 1898 553 1937; x_wconf 75' lang='lat' dir='ltr'>facz&#39;tot,</span> <span class='ocrx_word' id='word_1_232' title='bbox 577 1896 710 1928; x_wconf 86' lang='lat' dir='ltr'>Hermes</span> <span class='ocrx_word' id='word_1_233' title='bbox 735 1898 762 1935; x_wconf 92' lang='lat'>1,</span> <span class='ocrx_word' id='word_1_234' title='bbox 785 1897 866 1935; x_wconf 71' lang='lat'>1943</span> 
     </span>
     <span class='ocr_line' id='line_1_40' title="bbox 196 1941 867 1984; baseline -0.003 -9"><span class='ocrx_word' id='word_1_235' title='bbox 196 1943 278 1982; x_wconf 66' lang='lat'>196,</span> <span class='ocrx_word' id='word_1_236' title='bbox 302 1943 379 1976; x_wconf 82' lang='lat'>208.</span> <span class='ocrx_word' id='word_1_237' title='bbox 407 1961 447 1966; x_wconf 91' lang='lat'>—</span> <span class='ocrx_word' id='word_1_238' title='bbox 472 1948 641 1984; x_wconf 70' lang='lat' dir='ltr'>quaestor„</span> <span class='ocrx_word' id='word_1_239' title='bbox 669 1942 721 1974; x_wconf 86' lang='lat' dir='ltr'>die</span> <span class='ocrx_word' id='word_1_240' title='bbox 747 1941 867 1974; x_wconf 70' lang='lat' dir='ltr'>st‘aeidti-</span> 
     </span>
     <span class='ocr_line' id='line_1_41' title="bbox 192 1986 868 2029; baseline 0 -10"><span class='ocrx_word' id='word_1_241' title='bbox 192 1988 291 2020; x_wconf 88' lang='lat' dir='ltr'>schen</span> <span class='ocrx_word' id='word_1_242' title='bbox 310 1987 514 2029; x_wconf 84' lang='lat' dir='ltr'>Quaestoren</span> <span class='ocrx_word' id='word_1_243' title='bbox 534 1989 674 2020; x_wconf 81' lang='lat' dir='ltr'>nahmen</span> <span class='ocrx_word' id='word_1_244' title='bbox 692 1987 744 2019; x_wconf 89' lang='lat' dir='ltr'>die</span> <span class='ocrx_word' id='word_1_245' title='bbox 763 1986 868 2020; x_wconf 86' lang='lat' dir='ltr'>Giiter</span> 
     </span>
     <span class='ocr_line' id='line_1_42' title="bbox 193 2032 868 2066; baseline 0 -1"><span class='ocrx_word' id='word_1_246' title='bbox 193 2034 250 2066; x_wconf 86' lang='lat' dir='ltr'>des</span> <span class='ocrx_word' id='word_1_247' title='bbox 288 2032 539 2066; x_wconf 71' lang='lat' dir='ltr'>Verurtheilten</span> <span class='ocrx_word' id='word_1_248' title='bbox 582 2032 637 2065; x_wconf 78' lang='lat' dir='ltr'>fiir</span> <span class='ocrx_word' id='word_1_249' title='bbox 677 2034 737 2065; x_wconf 87' lang='lat' dir='ltr'>den</span> <span class='ocrx_word' id='word_1_250' title='bbox 771 2033 868 2065; x_wconf 84' lang='lat' dir='ltr'>Staat</span> 
     </span>
     <span class='ocr_line' id='line_1_43' title="bbox 192 2078 867 2119; baseline -0.001 -8"><span class='ocrx_word' id='word_1_251' title='bbox 192 2078 349 2119; x_wconf 82' lang='lat' dir='ltr'>(publice)</span> <span class='ocrx_word' id='word_1_252' title='bbox 361 2079 394 2110; x_wconf 92' lang='lat' dir='ltr'>in</span> <span class='ocrx_word' id='word_1_253' title='bbox 408 2079 518 2111; x_wconf 84' lang='lat' dir='ltr'>Besitz</span> <span class='ocrx_word' id='word_1_254' title='bbox 529 2080 594 2111; x_wconf 87' lang='lat' dir='ltr'>und</span> <span class='ocrx_word' id='word_1_255' title='bbox 607 2078 804 2111; x_wconf 81' lang='lat' dir='ltr'>verkauften</span> <span class='ocrx_word' id='word_1_256' title='bbox 819 2079 867 2111; x_wconf 90' lang='lat' dir='ltr'>sie</span> 
     </span>
     <span class='ocr_line' id='line_1_44' title="bbox 191 2124 866 2167; baseline -0.001 -10"><span class='ocrx_word' id='word_1_257' title='bbox 191 2127 250 2157; x_wconf 74' lang='lat' dir='ltr'>sub</span> <span class='ocrx_word' id='word_1_258' title='bbox 263 2126 363 2166; x_wconf 74' lang='lat' dir='ltr'>hasta,</span> <span class='ocrx_word' id='word_1_259' title='bbox 377 2136 402 2157; x_wconf 93' lang='lat' dir='ltr'>s.</span> <span class='ocrx_word' id='word_1_260' title='bbox 412 2124 502 2156; x_wconf 87' lang='lat' dir='ltr'>Fest.</span> <span class='ocrx_word' id='word_1_261' title='bbox 516 2126 633 2157; x_wconf 80' lang='lat' dir='ltr'>hastae</span> <span class='ocrx_word' id='word_1_262' title='bbox 645 2136 674 2167; x_wconf 90' lang='lat' dir='ltr'>p.</span> <span class='ocrx_word' id='word_1_263' title='bbox 688 2127 749 2158; x_wconf 89' lang='grc'>101</span> <span class='ocrx_word' id='word_1_264' title='bbox 761 2137 770 2165; x_wconf 84' lang='grc'><strong>;</strong></span> <span class='ocrx_word' id='word_1_265' title='bbox 782 2124 866 2157; x_wconf 91' lang='lat' dir='ltr'>Gell.</span> 
     </span>
     <span class='ocr_line' id='line_1_45' title="bbox 197 2169 866 2212; baseline 0 -8"><span class='ocrx_word' id='word_1_266' title='bbox 197 2172 247 2211; x_wconf 88' lang='lat'>13,</span> <span class='ocrx_word' id='word_1_267' title='bbox 282 2172 336 2212; x_wconf 86' lang='lat'>25,</span> <span class='ocrx_word' id='word_1_268' title='bbox 371 2171 433 2211; x_wconf 78' lang='lat'>293</span> <span class='ocrx_word' id='word_1_269' title='bbox 467 2169 568 2202; x_wconf 89' lang='lat' dir='ltr'>Gaius</span> <span class='ocrx_word' id='word_1_270' title='bbox 601 2173 633 2212; x_wconf 88' lang='lat'>4,</span> <span class='ocrx_word' id='word_1_271' title='bbox 675 2172 738 2204; x_wconf 88' lang='lat'>146</span> <span class='ocrx_word' id='word_1_272' title='bbox 767 2181 798 2202; x_wconf 93' lang='lat' dir='ltr'>u.</span> <span class='ocrx_word' id='word_1_273' title='bbox 825 2181 866 2211; x_wconf 85' lang='lat' dir='ltr'>a.,</span> 
     </span>
     <span class='ocr_line' id='line_1_46' title="bbox 192 2215 867 2258; baseline -0.001 -8"><span class='ocrx_word' id='word_1_274' title='bbox 192 2216 260 2257; x_wconf 74' lang='lat' dir='ltr'>vgl.</span> <span class='ocrx_word' id='word_1_275' title='bbox 301 2215 338 2250; x_wconf 88' lang='lat' dir='ltr'>L.</span> <span class='ocrx_word' id='word_1_276' title='bbox 373 2218 404 2256; x_wconf 84' lang='lat'>4,</span> <span class='ocrx_word' id='word_1_277' title='bbox 433 2218 484 2258; x_wconf 88' lang='lat'>15,</span> <span class='ocrx_word' id='word_1_278' title='bbox 511 2218 548 2250; x_wconf 79' lang='lat'>8:</span> <span class='ocrx_word' id='word_1_279' title='bbox 572 2216 757 2257; x_wconf 71' lang='lat' dir='ltr'>&#39;quaestores</span> <span class='ocrx_word' id='word_1_280' title='bbox 792 2228 867 2249; x_wconf 83' lang='lat' dir='ltr'>ven-</span> 
     </span>
     <span class='ocr_line' id='line_1_47' title="bbox 193 2264 867 2303; baseline 0 -9"><span class='ocrx_word' id='word_1_281' title='bbox 193 2265 265 2294; x_wconf 84' lang='lat' dir='ltr'>dere</span> <span class='ocrx_word' id='word_1_282' title='bbox 287 2274 322 2294; x_wconf 82' lang='lat' dir='ltr'>ea</span> <span class='ocrx_word' id='word_1_283' title='bbox 349 2264 431 2294; x_wconf 80' lang='lat' dir='ltr'>bona</span> <span class='ocrx_word' id='word_1_284' title='bbox 456 2269 549 2303; x_wconf 84' lang='lat' dir='ltr'>atque</span> <span class='ocrx_word' id='word_1_285' title='bbox 572 2265 608 2294; x_wconf 79' lang='lat' dir='ltr'>in</span> <span class='ocrx_word' id='word_1_286' title='bbox 629 2264 792 2302; x_wconf 76' lang='lat' dir='ltr'>publicum</span> <span class='ocrx_word' id='word_1_287' title='bbox 816 2274 867 2294; x_wconf 90' lang='lat' dir='ltr'>re-</span> 
     </span>
     <span class='ocr_line' id='line_1_48' title="bbox 191 2308 856 2350; baseline 0.002 -12"><span class='ocrx_word' id='word_1_288' title='bbox 191 2309 298 2350; x_wconf 75' lang='lat' dir='ltr'>dz&#39;qere</span> <span class='ocrx_word' id='word_1_289' title='bbox 342 2308 485 2348; x_wconf 82' lang='lat' dir='ltr'>(iubere).</span> <span class='ocrx_word' id='word_1_290' title='bbox 522 2326 558 2330; x_wconf 85' lang='lat'>-—</span> <span class='ocrx_word' id='word_1_291' title='bbox 593 2319 692 2349; x_wconf 84' lang='lat' dir='ltr'>neque</span> <span class='ocrx_word' id='word_1_292' title='bbox 722 2326 768 2331; x_wconf 91' lang='lat'>—-</span> <span class='ocrx_word' id='word_1_293' title='bbox 803 2319 856 2340; x_wconf 61' lang='lat' dir='ltr'>nov</span> 
     </span>
     <span class='ocr_line' id='line_1_49' title="bbox 191 2356 866 2386; baseline 0.001 -1"><span class='ocrx_word' id='word_1_294' title='bbox 191 2356 282 2385; x_wconf 85' lang='lat' dir='ltr'>modo</span> <span class='ocrx_word' id='word_1_295' title='bbox 317 2368 363 2380; x_wconf 90' lang='lat'>=</span> <span class='ocrx_word' id='word_1_296' title='bbox 399 2361 426 2386; x_wconf 87' lang='lat' dir='ltr'>et</span> <span class='ocrx_word' id='word_1_297' title='bbox 465 2364 529 2385; x_wconf 81' lang='lat' dir='ltr'>non</span> <span class='ocrx_word' id='word_1_298' title='bbox 571 2356 660 2385; x_wconf 88' lang='lat' dir='ltr'>modo</span> <span class='ocrx_word' id='word_1_299' title='bbox 701 2365 778 2386; x_wconf 80' lang='lat' dir='ltr'>non.</span> <span class='ocrx_word' id='word_1_300' title='bbox 825 2372 866 2376; x_wconf 85' lang='lat'>—</span> 
     </span>
     <span class='ocr_line' id='line_1_50' title="bbox 190 2399 867 2440; baseline 0.003 -10"><span class='ocrx_word' id='word_1_301' title='bbox 190 2406 326 2439; x_wconf 78' lang='lat' dir='ltr'>quantae</span> <span class='ocrx_word' id='word_1_302' title='bbox 365 2411 389 2431; x_wconf 75' lang='grc' dir='ltr'>ε.</span> <span class='ocrx_word' id='word_1_303' title='bbox 428 2399 510 2430; x_wconf 85' lang='lat' dir='ltr'>nach</span> <span class='ocrx_word' id='word_1_304' title='bbox 550 2405 671 2431; x_wconf 80' lang='lat' dir='ltr'>tantum</span> <span class='ocrx_word' id='word_1_305' title='bbox 710 2399 778 2440; x_wconf 86' lang='lat' dir='ltr'>vgl.</span> <span class='ocrx_word' id='word_1_306' title='bbox 814 2400 867 2437; x_wconf 79' lang='lat'>33.</span> 
     </span>
     <span class='ocr_line' id='line_1_51' title="bbox 192 2446 868 2486; baseline 0 -9"><span class='ocrx_word' id='word_1_307' title='bbox 192 2446 247 2485; x_wconf 65' lang='lat' dir='ltr'>4ss,</span> <span class='ocrx_word' id='word_1_308' title='bbox 269 2447 307 2477; x_wconf 80' lang='lat'>7:</span> <span class='ocrx_word' id='word_1_309' title='bbox 331 2451 483 2486; x_wconf 79' lang='lat' dir='ltr'>quantam</span> <span class='ocrx_word' id='word_1_310' title='bbox 504 2447 642 2486; x_wconf 76' lang='lat' dir='ltr'>qratiam</span> <span class='ocrx_word' id='word_1_311' title='bbox 667 2463 709 2467; x_wconf 89' lang='lat'>—-</span> <span class='ocrx_word' id='word_1_312' title='bbox 735 2451 868 2483; x_wconf 81' lang='lat' dir='ltr'>tantum,</span> 
     </span>
     <span class='ocr_line' id='line_1_52' title="bbox 194 2490 867 2532; baseline 0.003 -12"><span class='ocrx_word' id='word_1_313' title='bbox 194 2490 328 2522; x_wconf 65' lang='lat' dir='ltr'>&#39;iihnlich</span> <span class='ocrx_word' id='word_1_314' title='bbox 362 2492 392 2529; x_wconf 85' lang='lat'>5,</span> <span class='ocrx_word' id='word_1_315' title='bbox 429 2492 481 2532; x_wconf 71' lang='lat'>10.</span> <span class='ocrx_word' id='word_1_316' title='bbox 516 2493 553 2524; x_wconf 84' lang='lat'>5:</span> <span class='ocrx_word' id='word_1_317' title='bbox 589 2492 644 2530; x_wconf 83' lang='lat'>28,</span> <span class='ocrx_word' id='word_1_318' title='bbox 679 2491 734 2530; x_wconf 87' lang='grc'>46,</span> <span class='ocrx_word' id='word_1_319' title='bbox 768 2494 798 2524; x_wconf 83' lang='lat'>5.</span> <span class='ocrx_word' id='word_1_320' title='bbox 825 2509 867 2512; x_wconf 88' lang='lat'>——</span> 
     </span>
     <span class='ocr_line' id='line_1_53' title="bbox 192 2534 873 2577; baseline -0.004 -8"><span class='ocrx_word' id='word_1_321' title='bbox 192 2539 303 2568; x_wconf 78' lang='lat' dir='ltr'>collata</span> <span class='ocrx_word' id='word_1_322' title='bbox 327 2548 361 2569; x_wconf 83' lang='lat' dir='ltr'>ea</span> <span class='ocrx_word' id='word_1_323' title='bbox 379 2540 453 2575; x_wconf 67' lang='lat' dir='ltr'>etc..</span> <span class='ocrx_word' id='word_1_324' title='bbox 480 2536 522 2567; x_wconf 83' lang='lat' dir='ltr'>ist</span> <span class='ocrx_word' id='word_1_325' title='bbox 542 2536 572 2567; x_wconf 85' lang='lat' dir='ltr'>in</span> <span class='ocrx_word' id='word_1_326' title='bbox 602 2535 788 2577; x_wconf 82' lang='lat' dir='ltr'>sseziehung</span> <span class='ocrx_word' id='word_1_327' title='bbox 813 2534 873 2568; x_wconf 77' lang='lat' dir='ltr'>auf</span> 
     </span>
    </p>
   </div>
   <div class='ocr_carea' id='block_1_11' title="bbox 931 753 1619 2582">
    <p class='ocr_par' dir='ltr' id='par_1_11' title="bbox 931 753 1619 2582">
     <span class='ocr_line' id='line_1_54' title="bbox 941 753 1614 795; baseline 0 -12"><span class='ocrx_word' id='word_1_328' title='bbox 941 760 974 784; x_wconf 85' lang='lat' dir='ltr'>ut</span> <span class='ocrx_word' id='word_1_329' title='bbox 998 754 1029 784; x_wconf 75' lang='lat' dir='ltr'>si</span> <span class='ocrx_word' id='word_1_330' title='bbox 1044 764 1109 784; x_wconf 84' lang='lat' dir='ltr'>eam</span> <span class='ocrx_word' id='word_1_331' title='bbox 1127 757 1188 784; x_wconf 69' lang='lat' dir='ltr'>etc.</span> <span class='ocrx_word' id='word_1_332' title='bbox 1207 759 1325 795; x_wconf 76' lang='lat' dir='ltr'>gesagt</span> <span class='ocrx_word' id='word_1_333' title='bbox 1342 766 1350 794; x_wconf 69' lang='grc' dir='ltr'><strong>ς</strong></span> <span class='ocrx_word' id='word_1_334' title='bbox 1376 753 1433 785; x_wconf 83' lang='lat' dir='ltr'>der</span> <span class='ocrx_word' id='word_1_335' title='bbox 1453 754 1533 786; x_wconf 89' lang='lat' dir='ltr'>Sinn</span> <span class='ocrx_word' id='word_1_336' title='bbox 1552 754 1614 786; x_wconf 88' lang='lat' dir='ltr'>ist:</span> 
     </span>
     <span class='ocr_line' id='line_1_55' title="bbox 938 799 1611 840; baseline 0.006 -11"><span class='ocrx_word' id='word_1_337' title='bbox 938 809 1017 838; x_wconf 83' lang='lat' dir='ltr'>quae</span> <span class='ocrx_word' id='word_1_338' title='bbox 1055 805 1143 830; x_wconf 75' lang='lat' dir='ltr'>tanta</span> <span class='ocrx_word' id='word_1_339' title='bbox 1170 799 1245 840; x_wconf 80' lang='lat' dir='ltr'>fuit</span> <span class='ocrx_word' id='word_1_340' title='bbox 1278 803 1352 835; x_wconf 73' lang='lat' dir='ltr'>etc..</span> <span class='ocrx_word' id='word_1_341' title='bbox 1381 811 1406 831; x_wconf 90' lang='lat' dir='ltr'>s.</span> <span class='ocrx_word' id='word_1_342' title='bbox 1433 801 1486 840; x_wconf 82' lang='lat'>29,</span> <span class='ocrx_word' id='word_1_343' title='bbox 1513 802 1544 840; x_wconf 88' lang='lat'>8,</span> <span class='ocrx_word' id='word_1_344' title='bbox 1574 801 1611 833; x_wconf 91' lang='lat'>11</span> 
     </span>
     <span class='ocr_line' id='line_1_56' title="bbox 939 843 1615 883; baseline 0.001 -8"><span class='ocrx_word' id='word_1_345' title='bbox 939 855 968 878; x_wconf 80' lang='lat' dir='ltr'>u.</span> <span class='ocrx_word' id='word_1_346' title='bbox 994 854 1043 883; x_wconf 81' lang='lat' dir='ltr'>a.;</span> <span class='ocrx_word' id='word_1_347' title='bbox 1068 844 1101 875; x_wconf 89' lang='lat' dir='ltr'>in</span> <span class='ocrx_word' id='word_1_348' title='bbox 1122 845 1180 876; x_wconf 89' lang='lat' dir='ltr'>der</span> <span class='ocrx_word' id='word_1_349' title='bbox 1195 843 1374 877; x_wconf 84' lang='lat' dir='ltr'>Periocha:</span> <span class='ocrx_word' id='word_1_350' title='bbox 1399 847 1615 878; x_wconf 80' lang='lat' dir='ltr'>innumerabi-</span> 
     </span>
     <span class='ocr_line' id='line_1_57' title="bbox 940 892 1614 932; baseline 0.004 -11"><span class='ocrx_word' id='word_1_351' title='bbox 940 892 996 921; x_wconf 87' lang='lat' dir='ltr'>lem</span> <span class='ocrx_word' id='word_1_352' title='bbox 1008 893 1187 929; x_wconf 78' lang='lat' dir='ltr'>pecunz&#39;am.</span> <span class='ocrx_word' id='word_1_353' title='bbox 1211 908 1257 912; x_wconf 89' lang='lat'>—-</span> <span class='ocrx_word' id='word_1_354' title='bbox 1280 893 1426 932; x_wconf 81' lang='lat' dir='ltr'>clientib.‚</span> <span class='ocrx_word' id='word_1_355' title='bbox 1451 902 1476 923; x_wconf 88' lang='lat' dir='ltr'>S.</span> <span class='ocrx_word' id='word_1_356' title='bbox 1502 895 1534 930; x_wconf 85' lang='lat'>5,</span> <span class='ocrx_word' id='word_1_357' title='bbox 1559 892 1614 931; x_wconf 87' lang='lat'>32,</span> 
     </span>
     <span class='ocr_line' id='line_1_58' title="bbox 940 935 1618 979; baseline 0.003 -11"><span class='ocrx_word' id='word_1_358' title='bbox 940 936 977 968; x_wconf 80' lang='lat'>8:</span> <span class='ocrx_word' id='word_1_359' title='bbox 1002 947 1033 967; x_wconf 86' lang='lat' dir='ltr'>se</span> <span class='ocrx_word' id='word_1_360' title='bbox 1050 935 1113 975; x_wconf 78' lang='lat' dir='ltr'>(die</span> <span class='ocrx_word' id='word_1_361' title='bbox 1133 935 1301 976; x_wconf 75' lang='lat' dir='ltr'>Klienten)</span> <span class='ocrx_word' id='word_1_362' title='bbox 1319 940 1486 970; x_wconf 69' lang='lat' dir='ltr'>collaturos</span> <span class='ocrx_word' id='word_1_363' title='bbox 1502 939 1618 979; x_wconf 77' lang='lat' dir='ltr'>quanti</span> 
     </span>
     <span class='ocr_line' id='line_1_59' title="bbox 937 982 1614 1022; baseline 0.004 -10"><span class='ocrx_word' id='word_1_364' title='bbox 937 983 1105 1013; x_wconf 72' lang='lat' dir='ltr'>damnatus</span> <span class='ocrx_word' id='word_1_365' title='bbox 1137 989 1234 1022; x_wconf 52' lang='lat' dir='ltr'>essem</span> <span class='ocrx_word' id='word_1_366' title='bbox 1272 984 1355 1014; x_wconf 92' lang='lat' dir='ltr'>nach</span> <span class='ocrx_word' id='word_1_367' title='bbox 1397 983 1497 1015; x_wconf 85' lang='lat' dir='ltr'>altem</span> <span class='ocrx_word' id='word_1_368' title='bbox 1530 982 1614 1015; x_wconf 86' lang='lat' dir='ltr'>Her-</span> 
     </span>
     <span class='ocr_line' id='line_1_60' title="bbox 938 1027 1617 1071; baseline 0.004 -14"><span class='ocrx_word' id='word_1_369' title='bbox 938 1027 1086 1059; x_wconf 81' lang='lat' dir='ltr'>kommen</span> <span class='ocrx_word' id='word_1_370' title='bbox 1124 1038 1234 1060; x_wconf 84' lang='lat' dir='ltr'>waren</span> <span class='ocrx_word' id='word_1_371' title='bbox 1274 1028 1363 1060; x_wconf 87' lang='lat' dir='ltr'>diese</span> <span class='ocrx_word' id='word_1_372' title='bbox 1407 1028 1617 1071; x_wconf 82' lang='lat' dir='ltr'>verpssichtet</span> 
     </span>
     <span class='ocr_line' id='line_1_61' title="bbox 938 1072 1614 1116; baseline 0.007 -12"><span class='ocrx_word' id='word_1_373' title='bbox 938 1072 1186 1115; x_wconf 75' lang='lat' dir='ltr'>beizusteuern3</span> <span class='ocrx_word' id='word_1_374' title='bbox 1229 1074 1420 1116; x_wconf 86' lang='lat' dir='ltr'>Schwegler</span> <span class='ocrx_word' id='word_1_375' title='bbox 1461 1077 1491 1113; x_wconf 89' lang='lat'>2,</span> <span class='ocrx_word' id='word_1_376' title='bbox 1530 1075 1614 1116; x_wconf 80' lang='lat'>5803</span> 
     </span>
     <span class='ocr_line' id='line_1_62' title="bbox 938 1117 1615 1163; baseline 0.003 -13"><span class='ocrx_word' id='word_1_377' title='bbox 938 1117 1114 1151; x_wconf 87' lang='lat' dir='ltr'>Mommsen</span> <span class='ocrx_word' id='word_1_378' title='bbox 1141 1118 1275 1151; x_wconf 86' lang='lat' dir='ltr'>Forsch.</span> <span class='ocrx_word' id='word_1_379' title='bbox 1310 1121 1337 1160; x_wconf 77' lang='lat'>1,</span> <span class='ocrx_word' id='word_1_380' title='bbox 1365 1122 1440 1154; x_wconf 82' lang='lat'>370.</span> <span class='ocrx_word' id='word_1_381' title='bbox 1466 1138 1507 1143; x_wconf 93' lang='lat'>——</span> <span class='ocrx_word' id='word_1_382' title='bbox 1527 1127 1615 1163; x_wconf 72' lang='lat' dir='ltr'>esset,</span> 
     </span>
     <span class='ocr_line' id='line_1_63' title="bbox 937 1165 1615 1207; baseline 0.004 -12"><span class='ocrx_word' id='word_1_383' title='bbox 937 1175 961 1195; x_wconf 84' lang='lat' dir='ltr'>s.</span> <span class='ocrx_word' id='word_1_384' title='bbox 990 1165 1043 1203; x_wconf 84' lang='lat'>37,</span> <span class='ocrx_word' id='word_1_385' title='bbox 1070 1166 1124 1204; x_wconf 89' lang='grc'>34,</span> <span class='ocrx_word' id='word_1_386' title='bbox 1153 1167 1183 1198; x_wconf 80' lang='lat'>7.</span> <span class='ocrx_word' id='word_1_387' title='bbox 1210 1183 1250 1188; x_wconf 92' lang='lat'><strong>—</strong></span> <span class='ocrx_word' id='word_1_388' title='bbox 1286 1167 1374 1198; x_wconf 71' lang='lat' dir='ltr'>nihil</span> <span class='ocrx_word' id='word_1_389' title='bbox 1403 1170 1475 1207; x_wconf 67' lang='lat' dir='ltr'>etc„</span> <span class='ocrx_word' id='word_1_390' title='bbox 1509 1166 1615 1198; x_wconf 88' lang='lat' dir='ltr'>nach—</span> 
     </span>
     <span class='ocr_line' id='line_1_64' title="bbox 936 1210 1614 1252; baseline 0.006 -12"><span class='ocrx_word' id='word_1_391' title='bbox 936 1210 1157 1252; x_wconf 85' lang='lat' dir='ltr'>(lriicklicher,</span> <span class='ocrx_word' id='word_1_392' title='bbox 1181 1211 1231 1243; x_wconf 88' lang='lat' dir='ltr'>als</span> <span class='ocrx_word' id='word_1_393' title='bbox 1257 1221 1352 1243; x_wconf 87' lang='lat' dir='ltr'>wenn</span> <span class='ocrx_word' id='word_1_394' title='bbox 1383 1212 1455 1244; x_wconf 88' lang='lat' dir='ltr'>eine</span> <span class='ocrx_word' id='word_1_395' title='bbox 1481 1211 1614 1244; x_wconf 84' lang='lat' dir='ltr'>Adver-</span> 
     </span>
     <span class='ocr_line' id='line_1_65' title="bbox 935 1255 1614 1299; baseline 0.006 -13"><span class='ocrx_word' id='word_1_396' title='bbox 935 1255 1171 1298; x_wconf 82' lang='lat' dir='ltr'>sativpartikel</span> <span class='ocrx_word' id='word_1_397' title='bbox 1196 1256 1412 1299; x_wconf 81' lang='lat' dir='ltr'>hinzugeffigt</span> <span class='ocrx_word' id='word_1_398' title='bbox 1442 1258 1544 1290; x_wconf 67' lang='lat' dir='ltr'>ware.</span> <span class='ocrx_word' id='word_1_399' title='bbox 1571 1276 1614 1280; x_wconf 88' lang='lat'><em>—</em></span> 
     </span>
     <span class='ocr_line' id='line_1_66' title="bbox 936 1302 1614 1344; baseline 0.003 -11"><span class='ocrx_word' id='word_1_400' title='bbox 936 1304 1094 1342; x_wconf 79' lang='lat' dir='ltr'>redempta</span> <span class='ocrx_word' id='word_1_401' title='bbox 1118 1302 1311 1335; x_wconf 87' lang='lat' dir='ltr'>bezeichnet</span> <span class='ocrx_word' id='word_1_402' title='bbox 1331 1304 1510 1344; x_wconf 85' lang='lat' dir='ltr'>entweder,</span> <span class='ocrx_word' id='word_1_403' title='bbox 1537 1303 1614 1335; x_wconf 85' lang='lat' dir='ltr'>dass</span> 
     </span>
     <span class='ocr_line' id='line_1_67' title="bbox 936 1346 1619 1382; baseline 0.003 -4"><span class='ocrx_word' id='word_1_404' title='bbox 936 1347 988 1379; x_wconf 89' lang='lat' dir='ltr'>die</span> <span class='ocrx_word' id='word_1_405' title='bbox 1017 1347 1168 1380; x_wconf 87' lang='lat' dir='ltr'>Freunde</span> <span class='ocrx_word' id='word_1_406' title='bbox 1191 1348 1245 1380; x_wconf 87' lang='lat' dir='ltr'>bei</span> <span class='ocrx_word' id='word_1_407' title='bbox 1269 1349 1341 1381; x_wconf 90' lang='lat' dir='ltr'>dem</span> <span class='ocrx_word' id='word_1_408' title='bbox 1367 1346 1619 1382; x_wconf 76' lang='lat' dir='ltr'>Giiterverkauf</span> 
     </span>
     <span class='ocr_line' id='line_1_68' title="bbox 936 1391 1614 1437; baseline 0.001 -11"><span class='ocrx_word' id='word_1_409' title='bbox 936 1391 957 1434; x_wconf 66' lang='grc' dir='ltr'>ξ</span> <span class='ocrx_word' id='word_1_410' title='bbox 985 1395 1002 1426; x_wconf 85' lang='grc'>7</span> <span class='ocrx_word' id='word_1_411' title='bbox 1030 1393 1081 1425; x_wconf 84' lang='lat' dir='ltr'>die</span> <span class='ocrx_word' id='word_1_412' title='bbox 1107 1394 1361 1436; x_wconf 85' lang='lat' dir='ltr'>nothwendigen</span> <span class='ocrx_word' id='word_1_413' title='bbox 1379 1393 1614 1437; x_wconf 62' lang='lat' dir='ltr'>Gegenst&#39;ainde</span> 
     </span>
     <span class='ocr_line' id='line_1_69' title="bbox 936 1437 1614 1473; baseline 0.004 -3"><span class='ocrx_word' id='word_1_414' title='bbox 936 1439 1061 1471; x_wconf 74' lang='lat' dir='ltr'>wieder</span> <span class='ocrx_word' id='word_1_415' title='bbox 1094 1437 1148 1471; x_wconf 76' lang='lat' dir='ltr'>fiir</span> <span class='ocrx_word' id='word_1_416' title='bbox 1173 1439 1223 1472; x_wconf 87' lang='lat' dir='ltr'>Sc.</span> <span class='ocrx_word' id='word_1_417' title='bbox 1251 1441 1426 1472; x_wconf 87' lang='lat' dir='ltr'>erstanden</span> <span class='ocrx_word' id='word_1_418' title='bbox 1459 1442 1509 1473; x_wconf 86' lang='lat' dir='ltr'>od.</span> <span class='ocrx_word' id='word_1_419' title='bbox 1538 1441 1614 1473; x_wconf 84' lang='lat' dir='ltr'>dass</span> 
     </span>
     <span class='ocr_line' id='line_1_70' title="bbox 935 1484 1613 1528; baseline 0.004 -12"><span class='ocrx_word' id='word_1_420' title='bbox 935 1484 982 1516; x_wconf 87' lang='lat' dir='ltr'>sie</span> <span class='ocrx_word' id='word_1_421' title='bbox 1009 1484 1075 1516; x_wconf 91' lang='lat' dir='ltr'>ihm</span> <span class='ocrx_word' id='word_1_422' title='bbox 1100 1484 1214 1517; x_wconf 80' lang='lat' dir='ltr'>immer</span> <span class='ocrx_word' id='word_1_423' title='bbox 1246 1486 1304 1518; x_wconf 90' lang='lat' dir='ltr'>das</span> <span class='ocrx_word' id='word_1_424' title='bbox 1329 1486 1484 1528; x_wconf 80' lang='lat' dir='ltr'>,Nb&#39;thige</span> <span class='ocrx_word' id='word_1_425' title='bbox 1509 1496 1613 1528; x_wconf 83' lang='lat' dir='ltr'>ange-</span> 
     </span>
     <span class='ocr_line' id='line_1_71' title="bbox 935 1530 1611 1574; baseline 0.007 -12"><span class='ocrx_word' id='word_1_426' title='bbox 935 1530 1056 1562; x_wconf 85' lang='lat' dir='ltr'>schafft</span> <span class='ocrx_word' id='word_1_427' title='bbox 1095 1531 1213 1571; x_wconf 73' lang='lat' dir='ltr'>haben,</span> <span class='ocrx_word' id='word_1_428' title='bbox 1256 1533 1322 1573; x_wconf 79' lang='lat' dir='ltr'>vgl.</span> <span class='ocrx_word' id='word_1_429' title='bbox 1365 1534 1419 1574; x_wconf 81' lang='lat'>24,</span> <span class='ocrx_word' id='word_1_430' title='bbox 1467 1534 1516 1574; x_wconf 83' lang='grc'>18,</span> <span class='ocrx_word' id='word_1_431' title='bbox 1561 1534 1611 1566; x_wconf 83' lang='grc'>14.</span> 
     </span>
     <span class='ocr_line' id='line_1_72' title="bbox 935 1575 1611 1621; baseline 0.003 -14"><span class='ocrx_word' id='word_1_432' title='bbox 935 1575 1116 1617; x_wconf 86' lang='lat' dir='ltr'>Uebrigens</span> <span class='ocrx_word' id='word_1_433' title='bbox 1141 1576 1232 1618; x_wconf 83' lang='lat' dir='ltr'>giebt</span> <span class='ocrx_word' id='word_1_434' title='bbox 1250 1577 1360 1619; x_wconf 88' lang='lat' dir='ltr'>Scipio</span> <span class='ocrx_word' id='word_1_435' title='bbox 1389 1579 1442 1619; x_wconf 87' lang='lat'>39,</span> <span class='ocrx_word' id='word_1_436' title='bbox 1469 1579 1523 1621; x_wconf 87' lang='lat'>22,</span> <span class='ocrx_word' id='word_1_437' title='bbox 1542 1577 1611 1619; x_wconf 83' lang='lat' dir='ltr'>vgl.</span> 
     </span>
     <span class='ocr_line' id='line_1_73' title="bbox 935 1621 1612 1665; baseline 0.006 -13"><span class='ocrx_word' id='word_1_438' title='bbox 935 1621 1019 1653; x_wconf 88' lang='lat' dir='ltr'>Plin.</span> <span class='ocrx_word' id='word_1_439' title='bbox 1046 1623 1100 1663; x_wconf 88' lang='lat'>33,</span> <span class='ocrx_word' id='word_1_440' title='bbox 1132 1624 1184 1664; x_wconf 90' lang='lat'>11,</span> <span class='ocrx_word' id='word_1_441' title='bbox 1216 1624 1289 1664; x_wconf 79' lang='lat'>138,</span> <span class='ocrx_word' id='word_1_442' title='bbox 1316 1624 1400 1655; x_wconf 88' lang='lat' dir='ltr'>noch</span> <span class='ocrx_word' id='word_1_443' title='bbox 1428 1623 1612 1665; x_wconf 73' lang='lat' dir='ltr'>gliinzende</span> 
     </span>
     <span class='ocr_line' id='line_1_74' title="bbox 935 1667 1613 1713; baseline 0.001 -14"><span class='ocrx_word' id='word_1_444' title='bbox 935 1667 1045 1710; x_wconf 87' lang='lat' dir='ltr'>Spiele</span> <span class='ocrx_word' id='word_1_445' title='bbox 1071 1668 1137 1699; x_wconf 91' lang='lat' dir='ltr'>und</span> <span class='ocrx_word' id='word_1_446' title='bbox 1168 1668 1283 1701; x_wconf 74' lang='lat' dir='ltr'>beh&#39;alt</span> <span class='ocrx_word' id='word_1_447' title='bbox 1315 1669 1372 1701; x_wconf 85' lang='lat' dir='ltr'>das</span> <span class='ocrx_word' id='word_1_448' title='bbox 1406 1668 1613 1713; x_wconf 84' lang='lat' dir='ltr'>Ritterpferd</span> 
     </span>
     <span class='ocr_line' id='line_1_75' title="bbox 935 1713 1611 1757; baseline 0.01 -13"><span class='ocrx_word' id='word_1_449' title='bbox 935 1713 985 1745; x_wconf 90' lang='lat' dir='ltr'>bis</span> <span class='ocrx_word' id='word_1_450' title='bbox 1011 1715 1064 1753; x_wconf 88' lang='lat'>39,</span> <span class='ocrx_word' id='word_1_451' title='bbox 1089 1716 1143 1748; x_wconf 89' lang='grc'>44.</span> <span class='ocrx_word' id='word_1_452' title='bbox 1171 1733 1214 1736; x_wconf 88' lang='grc'><strong>-</strong></span> <span class='ocrx_word' id='word_1_453' title='bbox 1237 1721 1382 1755; x_wconf 84' lang='lat' dir='ltr'>verterat,</span> <span class='ocrx_word' id='word_1_454' title='bbox 1411 1725 1417 1732; x_wconf 60' lang='lat'>²</span> <span class='ocrx_word' id='word_1_455' title='bbox 1468 1718 1522 1757; x_wconf 85' lang='lat'>24,</span> <span class='ocrx_word' id='word_1_456' title='bbox 1556 1717 1611 1757; x_wconf 70' lang='lat'>32,</span> 
     </span>
     <span class='ocr_line' id='line_1_76' title="bbox 937 1760 1612 1800; baseline 0.001 -9"><span class='ocrx_word' id='word_1_457' title='bbox 937 1760 974 1799; x_wconf 77' lang='lat'>93</span> <span class='ocrx_word' id='word_1_458' title='bbox 1012 1761 1044 1797; x_wconf 86' lang='lat'>2,</span> <span class='ocrx_word' id='word_1_459' title='bbox 1088 1761 1139 1800; x_wconf 90' lang='grc'><strong>18,</strong></span> <span class='ocrx_word' id='word_1_460' title='bbox 1176 1762 1206 1794; x_wconf 87' lang='grc'>9.</span> <span class='ocrx_word' id='word_1_461' title='bbox 1229 1779 1275 1783; x_wconf 95' lang='lat'>—-</span> <span class='ocrx_word' id='word_1_462' title='bbox 1300 1764 1418 1800; x_wconf 66' lang='lat' dir='ltr'>consil„</span> <span class='ocrx_word' id='word_1_463' title='bbox 1475 1762 1506 1794; x_wconf 82' lang='lat' dir='ltr'>ie</span> <span class='ocrx_word' id='word_1_464' title='bbox 1536 1761 1612 1794; x_wconf 88' lang='lat' dir='ltr'>Bei-</span> 
     </span>
     <span class='ocr_line' id='line_1_77' title="bbox 936 1804 1612 1848; baseline 0.003 -12"><span class='ocrx_word' id='word_1_465' title='bbox 936 1804 1040 1837; x_wconf 85' lang='lat' dir='ltr'>sitzer</span> <span class='ocrx_word' id='word_1_466' title='bbox 1064 1805 1120 1837; x_wconf 86' lang='lat' dir='ltr'>des</span> <span class='ocrx_word' id='word_1_467' title='bbox 1145 1804 1284 1838; x_wconf 74' lang='lat' dir='ltr'>Pr&#39;ators</span> <span class='ocrx_word' id='word_1_468' title='bbox 1310 1806 1351 1838; x_wconf 88' lang='lat' dir='ltr'>im</span> <span class='ocrx_word' id='word_1_469' title='bbox 1392 1806 1560 1848; x_wconf 85' lang='lat' dir='ltr'>Gerichte,</span> <span class='ocrx_word' id='word_1_470' title='bbox 1586 1818 1612 1839; x_wconf 92' lang='lat' dir='ltr'>s.</span> 
     </span>
     <span class='ocr_line' id='line_1_78' title="bbox 941 1851 1614 1894; baseline 0.003 -11"><span class='ocrx_word' id='word_1_471' title='bbox 941 1852 968 1887; x_wconf 89' lang='grc'>1,</span> <span class='ocrx_word' id='word_1_472' title='bbox 996 1851 1049 1892; x_wconf 87' lang='grc'>49,</span> <span class='ocrx_word' id='word_1_473' title='bbox 1076 1853 1106 1884; x_wconf 89' lang='grc'>4.</span> <span class='ocrx_word' id='word_1_474' title='bbox 1133 1869 1175 1874; x_wconf 84' lang='grc'><strong>-</strong></span> <span class='ocrx_word' id='word_1_475' title='bbox 1194 1851 1303 1884; x_wconf 84' lang='lat' dir='ltr'>Ueber</span> <span class='ocrx_word' id='word_1_476' title='bbox 1327 1852 1379 1885; x_wconf 85' lang='lat' dir='ltr'>die</span> <span class='ocrx_word' id='word_1_477' title='bbox 1398 1853 1614 1894; x_wconf 81' lang='lat' dir='ltr'>Darstellung</span> 
     </span>
     <span class='ocr_line' id='line_1_79' title="bbox 937 1896 1612 1937; baseline 0.006 -10"><span class='ocrx_word' id='word_1_478' title='bbox 937 1896 993 1928; x_wconf 90' lang='lat' dir='ltr'>des</span> <span class='ocrx_word' id='word_1_479' title='bbox 1017 1907 1143 1937; x_wconf 85' lang='lat' dir='ltr'>ganzen</span> <span class='ocrx_word' id='word_1_480' title='bbox 1176 1896 1361 1937; x_wconf 86' lang='lat' dir='ltr'>Processes,</span> <span class='ocrx_word' id='word_1_481' title='bbox 1396 1899 1541 1931; x_wconf 81' lang='lat' dir='ltr'>welcher</span> <span class='ocrx_word' id='word_1_482' title='bbox 1577 1897 1612 1932; x_wconf 94' lang='lat' dir='ltr'>L.</span> 
     </span>
     <span class='ocr_line' id='line_1_80' title="bbox 937 1940 1612 1984; baseline 0.006 -11"><span class='ocrx_word' id='word_1_483' title='bbox 937 1940 1066 1983; x_wconf 80' lang='lat' dir='ltr'>gesolgt</span> <span class='ocrx_word' id='word_1_484' title='bbox 1090 1942 1145 1983; x_wconf 81' lang='lat' dir='ltr'>ist,</span> <span class='ocrx_word' id='word_1_485' title='bbox 1175 1943 1326 1975; x_wconf 86' lang='lat' dir='ltr'>bemerkt</span> <span class='ocrx_word' id='word_1_486' title='bbox 1351 1943 1477 1976; x_wconf 84' lang='lat' dir='ltr'>Gellius</span> <span class='ocrx_word' id='word_1_487' title='bbox 1501 1945 1531 1983; x_wconf 90' lang='lat'>6,</span> <span class='ocrx_word' id='word_1_488' title='bbox 1559 1945 1612 1984; x_wconf 89' lang='lat'>19,</span> 
     </span>
     <span class='ocr_line' id='line_1_81' title="bbox 938 1987 1614 2023; baseline 0.001 -2"><span class='ocrx_word' id='word_1_489' title='bbox 938 1989 976 2021; x_wconf 78' lang='lat'>8:</span> <span class='ocrx_word' id='word_1_490' title='bbox 1021 1989 1170 2021; x_wconf 69' lang='lat' dir='ltr'>Valerius</span> <span class='ocrx_word' id='word_1_491' title='bbox 1208 1996 1311 2022; x_wconf 79' lang='lat' dir='ltr'>autem</span> <span class='ocrx_word' id='word_1_492' title='bbox 1343 1987 1461 2022; x_wconf 67' lang='lat' dir='ltr'>Antias</span> <span class='ocrx_word' id='word_1_493' title='bbox 1503 1997 1614 2023; x_wconf 83' lang='lat' dir='ltr'>contra</span> 
     </span>
     <span class='ocr_line' id='line_1_82' title="bbox 937 2036 1611 2069; baseline 0.003 -4"><span class='ocrx_word' id='word_1_494' title='bbox 937 2036 1019 2066; x_wconf 79' lang='lat' dir='ltr'>hanc</span> <span class='ocrx_word' id='word_1_495' title='bbox 1051 2036 1244 2066; x_wconf 81' lang='lat' dir='ltr'>decretorum</span> <span class='ocrx_word' id='word_1_496' title='bbox 1272 2038 1452 2067; x_wconf 82' lang='lat' dir='ltr'>memoriam</span> <span class='ocrx_word' id='word_1_497' title='bbox 1484 2043 1611 2069; x_wconf 77' lang='lat' dir='ltr'>contra-</span> 
     </span>
     <span class='ocr_line' id='line_1_83' title="bbox 936 2082 1613 2120; baseline 0.004 -10"><span class='ocrx_word' id='word_1_498' title='bbox 936 2090 997 2120; x_wconf 82' lang='lat' dir='ltr'>que</span> <span class='ocrx_word' id='word_1_499' title='bbox 1036 2082 1221 2113; x_wconf 73' lang='lat' dir='ltr'>autoritates</span> <span class='ocrx_word' id='word_1_500' title='bbox 1261 2088 1399 2113; x_wconf 86' lang='lat' dir='ltr'>veterum</span> <span class='ocrx_word' id='word_1_501' title='bbox 1445 2084 1613 2114; x_wconf 77' lang='lat' dir='ltr'>annalium</span> 
     </span>
     <span class='ocr_line' id='line_1_84' title="bbox 931 2126 1615 2166; baseline 0.006 -10"><span class='ocrx_word' id='word_1_502' title='bbox 931 2131 1005 2165; x_wconf 76' lang='lat' dir='ltr'>poet</span> <span class='ocrx_word' id='word_1_503' title='bbox 1030 2126 1191 2166; x_wconf 77' lang='lat' dir='ltr'>Africani</span> <span class='ocrx_word' id='word_1_504' title='bbox 1211 2134 1340 2159; x_wconf 88' lang='lat' dir='ltr'>mortem</span> <span class='ocrx_word' id='word_1_505' title='bbox 1363 2129 1615 2160; x_wconf 68' lang='lat' dir='ltr'>intercessionem</span> 
     </span>
     <span class='ocr_line' id='line_1_85' title="bbox 939 2173 1615 2214; baseline 0.003 -12"><span class='ocrx_word' id='word_1_506' title='bbox 939 2173 1031 2202; x_wconf 74' lang='lat' dir='ltr'>istam</span> <span class='ocrx_word' id='word_1_507' title='bbox 1050 2183 1113 2211; x_wconf 78' lang='lat' dir='ltr'>pro</span> <span class='ocrx_word' id='word_1_508' title='bbox 1139 2173 1284 2212; x_wconf 75' lang='lat' dir='ltr'>Scipione</span> <span class='ocrx_word' id='word_1_509' title='bbox 1315 2174 1462 2205; x_wconf 78' lang='lat' dir='ltr'>Asiatico</span> <span class='ocrx_word' id='word_1_510' title='bbox 1488 2174 1615 2214; x_wconf 77' lang='lat' dir='ltr'>factam</span> 
     </span>
     <span class='ocr_line' id='line_1_86' title="bbox 937 2219 1616 2260; baseline 0.003 -12"><span class='ocrx_word' id='word_1_511' title='bbox 937 2227 1001 2249; x_wconf 70' lang='lat' dir='ltr'>esse</span> <span class='ocrx_word' id='word_1_512' title='bbox 1041 2228 1060 2248; x_wconf 91' lang='lat' dir='ltr'>a</span> <span class='ocrx_word' id='word_1_513' title='bbox 1101 2219 1149 2249; x_wconf 85' lang='lat' dir='ltr'>Ti.</span> <span class='ocrx_word' id='word_1_514' title='bbox 1193 2219 1332 2250; x_wconf 76' lang='lat' dir='ltr'>Graccho</span> <span class='ocrx_word' id='word_1_515' title='bbox 1377 2221 1476 2259; x_wconf 56' lang='lat' dir='ltr'>deecit,</span> <span class='ocrx_word' id='word_1_516' title='bbox 1515 2229 1616 2260; x_wconf 79' lang='lat' dir='ltr'>neque</span> 
     </span>
     <span class='ocr_line' id='line_1_87' title="bbox 938 2264 1617 2306; baseline 0.003 -12"><span class='ocrx_word' id='word_1_517' title='bbox 938 2264 1070 2294; x_wconf 80' lang='lat' dir='ltr'>multam</span> <span class='ocrx_word' id='word_1_518' title='bbox 1118 2265 1292 2305; x_wconf 76' lang='lat' dir='ltr'>irroqatam</span> <span class='ocrx_word' id='word_1_519' title='bbox 1346 2265 1506 2306; x_wconf 78' lang='lat' dir='ltr'>Scipioni,</span> <span class='ocrx_word' id='word_1_520' title='bbox 1561 2265 1617 2296; x_wconf 73' lang='lat' dir='ltr'>aed</span> 
     </span>
     <span class='ocr_line' id='line_1_88' title="bbox 938 2310 1614 2350; baseline 0.004 -11"><span class='ocrx_word' id='word_1_521' title='bbox 938 2310 1121 2340; x_wconf 81' lang='lat' dir='ltr'>damnatum</span> <span class='ocrx_word' id='word_1_522' title='bbox 1147 2320 1215 2341; x_wconf 82' lang='lat' dir='ltr'>eum</span> <span class='ocrx_word' id='word_1_523' title='bbox 1233 2312 1399 2350; x_wconf 75' lang='lat' dir='ltr'>peculatus</span> <span class='ocrx_word' id='word_1_524' title='bbox 1423 2312 1458 2342; x_wconf 84' lang='lat' dir='ltr'>ob</span> <span class='ocrx_word' id='word_1_525' title='bbox 1490 2311 1614 2342; x_wconf 80' lang='lat' dir='ltr'>Antio-</span> 
     </span>
     <span class='ocr_line' id='line_1_89' title="bbox 938 2355 1612 2397; baseline 0.001 -11"><span class='ocrx_word' id='word_1_526' title='bbox 938 2355 1063 2386; x_wconf 77' lang='lat' dir='ltr'>chinam</span> <span class='ocrx_word' id='word_1_527' title='bbox 1081 2357 1262 2396; x_wconf 79' lang='lat' dir='ltr'>pecuniam,</span> <span class='ocrx_word' id='word_1_528' title='bbox 1287 2358 1363 2397; x_wconf 82' lang='lat' dir='ltr'>quia</span> <span class='ocrx_word' id='word_1_529' title='bbox 1381 2358 1516 2396; x_wconf 69' lang='lat' dir='ltr'>praedes</span> <span class='ocrx_word' id='word_1_530' title='bbox 1547 2367 1612 2387; x_wconf 85' lang='lat' dir='ltr'>non</span> 
     </span>
     <span class='ocr_line' id='line_1_90' title="bbox 938 2402 1615 2442; baseline 0.004 -11"><span class='ocrx_word' id='word_1_531' title='bbox 938 2402 1044 2441; x_wconf 84' lang='lat' dir='ltr'>daret,</span> <span class='ocrx_word' id='word_1_532' title='bbox 1086 2402 1122 2431; x_wconf 84' lang='lat' dir='ltr'>in</span> <span class='ocrx_word' id='word_1_533' title='bbox 1162 2412 1316 2433; x_wconf 78' lang='lat' dir='ltr'>carcerem</span> <span class='ocrx_word' id='word_1_534' title='bbox 1355 2404 1432 2433; x_wconf 85' lang='lat' dir='ltr'>duci</span> <span class='ocrx_word' id='word_1_535' title='bbox 1478 2408 1615 2442; x_wconf 78' lang='lat' dir='ltr'>coeptum</span> 
     </span>
     <span class='ocr_line' id='line_1_91' title="bbox 938 2448 1614 2486; baseline 0.004 -10"><span class='ocrx_word' id='word_1_536' title='bbox 938 2451 1031 2486; x_wconf 82' lang='lat' dir='ltr'>aeque</span> <span class='ocrx_word' id='word_1_537' title='bbox 1068 2448 1114 2477; x_wconf 81' lang='lat' dir='ltr'>ita</span> <span class='ocrx_word' id='word_1_538' title='bbox 1149 2448 1353 2479; x_wconf 77' lang='lat' dir='ltr'>intercedente</span> <span class='ocrx_word' id='word_1_539' title='bbox 1387 2449 1527 2481; x_wconf 74' lang='lat' dir='ltr'>Graccho</span> <span class='ocrx_word' id='word_1_540' title='bbox 1562 2458 1614 2479; x_wconf 76' lang='lat' dir='ltr'>esc-</span> 
     </span>
     <span class='ocr_line' id='line_1_92' title="bbox 939 2491 1614 2535; baseline 0.003 -13"><span class='ocrx_word' id='word_1_541' title='bbox 939 2498 1083 2530; x_wconf 76' lang='lat' dir='ltr'>emptum.</span> <span class='ocrx_word' id='word_1_542' title='bbox 1134 2491 1199 2524; x_wconf 88' lang='lat' dir='ltr'>Der</span> <span class='ocrx_word' id='word_1_543' title='bbox 1224 2491 1340 2535; x_wconf 86' lang='lat' dir='ltr'>Tadel,</span> <span class='ocrx_word' id='word_1_544' title='bbox 1365 2493 1510 2525; x_wconf 87' lang='lat' dir='ltr'>welcher</span> <span class='ocrx_word' id='word_1_545' title='bbox 1541 2491 1614 2525; x_wconf 87' lang='lat' dir='ltr'>hier</span> 
     </span>
     <span class='ocr_line' id='line_1_93' title="bbox 941 2536 1613 2582; baseline 0.003 -15"><span class='ocrx_word' id='word_1_546' title='bbox 941 2536 1020 2568; x_wconf 84' lang='lat' dir='ltr'>iiber</span> <span class='ocrx_word' id='word_1_547' title='bbox 1056 2536 1211 2570; x_wconf 78' lang='lat' dir='ltr'>Valerius</span> <span class='ocrx_word' id='word_1_548' title='bbox 1243 2538 1317 2570; x_wconf 70' lang='lat' dir='ltr'>Ant.</span> <span class='ocrx_word' id='word_1_549' title='bbox 1350 2539 1613 2582; x_wconf 82' lang='lat' dir='ltr'>ausgesprochcn</span> 
     </span>
    </p>
   </div>
  </div>
 </body>
</html>
