1747 2841
176 97 258 140 188

608 95 733 129 LIBER
760 95 941 131 XXXVII.
975 96 1068 129 CAP.
1096 98 1149 131 18.

1442 104 1470 124 a.
1490 104 1520 124 u.
1542 97 1613 126 564.

137 206 156 238 6
177 213 261 240 esse
281 201 381 240 intra
402 202 556 240 moenia
579 213 619 240 se
642 201 863 251 recepisset,
893 200 1063 240 obsideri
1085 201 1180 240 urbs
1201 207 1336 253 coepta
1357 208 1424 241 est.
1466 202 1606 242 eodem

176 260 301 298 ferme
331 264 507 309 tempore
539 263 576 297 et
597 257 813 296 Antiochus
833 256 880 296 ab
900 257 1070 308 Apamea
1092 260 1291 309 profectus
1312 258 1499 298 Sardibus
1521 259 1606 310 pri-

177 327 301 361 mum,
333 315 472 353 deinde
503 314 606 354 haud
638 314 776 365 procul
807 313 955 353 Seleuci
984 315 1117 354 castris
1148 315 1193 353 ad
1225 321 1341 366 caput
1361 315 1459 354 Caici
1480 316 1607 355 amnis
1635 339 1639 343 -

138 380 156 410 7
178 372 311 411 stativa
332 371 466 410 habuit
485 383 575 410 cum
600 382 741 422 magno
764 370 935 409 exercitu
958 371 1078 410 mixto
1099 372 1214 410 variis
1235 384 1281 411 ex
1294 372 1484 423 gentibus.
1514 372 1606 423 plu—

175 429 321 467 rimum
352 429 513 467 terroris
541 428 581 466 in
613 428 812 466 Gallorum
849 428 1026 466 mercede
1057 428 1260 468 conductis
1291 434 1473 479 quattuor
1504 428 1607 467 mili-

176 485 250 524 bus
282 491 371 524 erat.

138 555 157 587 8
178 554 386 593 gamenum
418 553 555 592 agrum
587 541 748 590 [milites]
780 540 893 579 misit.

431 484 503 523 hos
535 484 666 535 paucis
694 483 873 523 admixtis
912 484 958 522 ad
997 485 1297 535 pervastandum
1338 485 1483 536 passim
1507 485 1606 524 Per-

954 553 1053 592 quae
1084 547 1292 592 postquam
1324 542 1485 581 Samum
1516 545 1609 581 sunt

176 599 362 645 nuntiata,
394 598 521 648 primo
553 598 748 637 Eumenes
779 603 962 637 avocatus
989 598 1202 637 domestico
1233 599 1333 637 bello
1365 611 1456 637 cum
1486 598 1608 637 classe

176 655 330 694 Elaeam
351 655 463 706 petit3
493 655 595 701 inde,
618 666 707 693 cum
730 660 883 704 praesto
906 654 1074 694 fuissent
1092 655 1240 706 equites
1260 655 1516 706 peditumque
1536 667 1606 694 ex-

177 712 316 763 pediti,
347 711 539 762 praesidio
567 724 705 750 eorum
733 716 859 757 tutuS,
905 711 1136 762 priusquam
1166 712 1298 750 hostes
1326 712 1514 751 sentirent
1541 717 1609 751 aut

137 786 157 818 9
178 774 442 815 moverentur,
462 768 697 820 Pergamum
719 767 930 807 contendit.
967 768 1020 806 ihi
1040 781 1179 807 rursus
1200 768 1297 807 levia
1319 768 1606 820 pei-excursio-

177 837 247 865 nes
269 826 416 877 proelia
437 825 520 864 fieri
544 832 678 876 coepta
699 825 875 863 Eumene
896 837 1073 864 summae
1094 825 1150 864 rei
1172 825 1382 864 discrimen
1402 825 1506 864 haud
1529 825 1607 863 du—

177 882 239 921 bie
270 882 518 921 detractante.
565 893 712 933 paucos
734 887 822 932 post
845 881 925 920 dies
946 882 1122 921 Romana
1142 882 1372 933 Rhodiaque
1395 882 1538 929 classis,
1565 887 1610 921 ut

117 952 159 985 10
178 939 260 990 regi
291 951 407 991 opem
438 941 597 983 ferrent,
628 939 783 977 Elaeam
809 938 855 977 ab
887 939 1002 978 Samo
1026 945 1230 978 venerunt.
1272 951 1372 989 quos
1392 938 1460 977 ubi
1483 950 1608 989 expo-

180 996 305 1035 suisse
332 996 461 1047 copias
482 996 618 1034 Elaeae
649 1002 686 1034 et
712 1001 768 1034 tot
799 996 939 1034 classes
969 996 1010 1034 in
1040 1008 1167 1035 unum
1196 995 1428 1035 convenisse
1448 1001 1607 1046 portum

178 1053 370 1092 Antiocho
394 1053 562 1091 adlatum
585 1058 653 1098 est,
675 1059 712 1090 et
734 1051 807 1091 sub
828 1052 932 1091 idem
953 1057 1107 1103 tempus
1128 1053 1272 1092 audivit
1292 1052 1495 1092 consulem
1516 1063 1608 1091 cum

177 1110 346 1148 exercitu
377 1109 453 1148 iam
483 1109 523 1147 in
549 1109 771 1148 Macedonia
803 1121 886 1147 esse
917 1109 1144 1160 pararique,

118 1167 155 1199 11
178 1166 417 1217 Hellesponti
449 1178 549 1217 opus
580 1173 720 1212 essent,
750 1171 903 1216 teinpus
933 1166 1086 1204 venisse
1108 1171 1226 1213 ratus,
1256 1166 1487 1217 priusquam
1504 1171 1609 1205 terra

1187 1121 1285 1160 quae
1318 1109 1364 1148 ad
1398 1109 1606 1148 transitum

177 1223 353 1273 marique
374 1222 490 1261 simul
510 1228 727 1273 urgeretur,
757 1222 894 1273 agendi
917 1222 964 1261 de
987 1234 1082 1273 pace
1108 1223 1230 1272 [esse]‚
1259 1223 1456 1261 tumulum
1479 1234 1608 1273 quen-

118 1281 157 1312 12
177 1279 266 1318 dam
296 1279 483 1318 adversus
504 1279 658 1318 Elaeam
688 1279 821 1317 castris
853 1279 973 1330 cepit;
1004 1279 1057 1317 ibi
1080 1279 1256 1330 peditum
1278 1278 1461 1318 omnibus
1485 1279 1608 1330 copiis

177 1336 318 1375 relictis
350 1348 438 1375 cuin
472 1336 643 1386 equitatu
676 1358 731 1362 —
760 1342 869 1374 erant
898 1343 1026 1375 autem
1058 1348 1125 1374 sex
1157 1336 1259 1375 milia
1290 1336 1466 1386 equitum
1486 1358 1540 1363 —
1566 1335 1607 1374 in

177 1405 336 1444 campos
369 1392 442 1431 sub
469 1393 552 1444 ipsa
573 1393 709 1432 Elaeae
741 1393 895 1431 moenia
922 1393 1121 1432 descendit
1142 1393 1261 1432 misso
1285 1392 1538 1432 caduceatore
1559 1392 1607 1431 ad

180 1542 214 1573 1:
241 1543 340 1571 altera
355 1545 472 1578 part&
500 1539 563 1578 41,
593 1540 632 1578 4,
664 1538 703 1577 3,
730 1538 797 1579 vgl.
825 1548 853 1569 c,

178 1587 231 1625 24,
262 1588 300 1627 5;
329 1585 383 1626 36,
410 1587 440 1626 9,
466 1585 699 1623 9.——Apam.,
728 1585 780 1624 35,
804 1586 854 1625 15,

179 1633 207 1665 1.
236 1648 279 1653 —
301 1633 344 1662 ad
366 1641 390 1664 e.
418 1632 522 1672 Caici,
560 1629 679 1661 'cistlich
705 1640 770 1660 von
798 1630 855 1661 der

177 1676 293 1717 Stadtg
325 1676 382 1707 der
411 1675 498 1707 Caic.
525 1674 629 1707 ssiesst
657 1675 749 1706 nicht
773 1675 855 1707 weit

178 1733 242 1754 von
258 1721 437 1763 Pergamus
454 1721 600 1753 voriiber
616 1721 770 1753 westlich
789 1731 854 1752 von

177 1767 280 1800 Elaea
308 1767 342 1799 iu
368 1768 426 1798 das
450 1766 550 1799 Meer.

226 1815 323 1847 7—8.
350 1815 385 1845 in
405 1814 488 1845 Gall.
503 1831 546 1836 -
560 1819 638 1854 erat,
663 1812 715 1844 die
733 1811 855 1844 VVort-

177 1859 322 1900 stellung
357 1859 450 1890 w‘are
482 1859 600 1890 h'arter
628 1858 677 1890 als
703 1868 744 1889 an
770 1858 854 1889 'aihu-

176 1905 285 1938 lichen
311 1904 456 1945 SteHen,
494 1904 563 1945 vgl.
591 1906 652 1944 38,
681 1906 721 1942 4,
756 1904 797 1945 83
825 1906 856 1945 4,

177 1952 240 1991 34,
278 1952 317 1991 23
356 1951 419 1991 27,
457 1951 518 1992 36,
544 1951 585 1990 2,
622 1950 689 1981 und
713 1952 747 1981 in
772 1947 857 1981 fehlt

177 2007 293 2029 ausser
316 1996 408 2027 viell.
427 1995 460 2027 in
486 1996 514 2027 ‹l.
540 1994 603 2028 Mz.
630 1995 662 2027 in
691 1995 753 2027 den
773 1994 858 2032 Hss„

179 2041 461 2074 wahrscheinlich
485 2041 529 2073 ist
558 2041 609 2073 die
635 2040 740 2073 Stelle
766 2040 858 2072 nicht

176 2088 310 2129 richtig.
359 2088 453 2119 Auch
486 2087 529 2119 im
554 2086 647 2128 Folg.
674 2087 720 2118 ist
743 2089 858 2119 milites

176 2133 372 2176 uupassend,
397 2145 428 2165 u.
455 2137 540 2164 statt
557 2135 672 2173 paucis
697 2132 768 2169 <die
784 2132 855 2164 Hss.

176 2180 284 2211 haben
318 2178 416 2211 meist
447 2180 615 2219 admixtos)
652 2178 750 2210 sollte
783 2188 858 2209 man

176 2225 248 2257 eine
265 2234 429 2266 genauere
438 2224 669 2266 Bezeichnuug
679 2227 858 2265 erwarten⁷

176 2271 269 2302 viell.
294 2272 410 2311 Dahis,
439 2270 507 2312 vgl.
532 2281 558 2302 c.
585 2272 640 2310 38,
667 2271 857 2303 3.—c·ond.

176 2335 219 2339 —
254 2319 400 2355 milibus,
443 2316 510 2358 vgl.
549 2318 612 2355 31,
653 2317 693 2356 2,
736 2317 775 2348 9:
822 2326 861 2346 zu

178 2363 231 2403 22,
258 2364 312 2402 60,
343 2364 396 2395 20.
418 2380 461 2385 —
484 2365 553 2401 ped.
583 2373 666 2403 exp„
692 2362 746 2403 30,
772 2362 804 2401 9,
835 2363 862 2394 1.

174 2426 219 2430 —
236 2410 345 2441 sentir.
365 2408 449 2440 ohne
472 2407 603 2448 Object,
629 2409 662 2447 2,
688 2408 742 2451 25,
774 2409 804 2440 1.

222 2455 343 2487 9—12.
370 2456 460 2494 levia,
488 2464 550 2485 nur
566 2453 708 2491 leichte,
728 2462 789 2492 per
808 2464 859 2485 ex-

175 2510 244 2531 cur.
269 2499 334 2530 wie
360 2500 413 2538 32,
442 2501 494 2539 10,
520 2500 551 2538 9,
579 2499 659 2530 aber
684 2509 725 2530 an
751 2509 781 2530 u.
809 2498 857 2530 St.

175 2544 373 2585 attributiv‚
410 2546 473 2585 28,
502 2546 561 2585 33,
591 2546 630 2584 6,
660 2543 726 2585 vgl.
755 2554 781 2575 c.
808 2546 859 2585 16,

926 1540 956 1572 9
982 1556 1027 1560 --
1050 1540 1206 1577 Emmew,
1233 1537 1316 1570 iiber
1339 1537 1391 1570 die
1416 1537 1506 1579 Lage
1531 1537 1608 1569 des-

924 1584 1036 1616 selben
1063 1595 1088 1616 s
1122 1595 1148 1616 c.
1177 1562 1230 1623 53,
1259 1586 1310 1618 16.
1328 1595 1489 1623 -Ρααο,
1512 1592 1546 1622 Ρ.
1576 1586 1606 1615 d.

925 1629 1111 1672 entspricht
1140 1633 1259 1670 prim
1287 1649 1328 1656 —
1377 1632 1484 1662 audiv.
1521 1640 1606 1661 cons.

924 1679 998 1727 etc.,
1022 1685 1166 1716 genauer
1190 1675 1307 1718 Polyb.
1338 1677 1399 1716 21,
1439 1676 1479 1709 8.
1513 1671 1607 1708 κατὰ

926 1718 990 1754 τὸν
1023 1718 1153 1767 καιρὸν
1187 1725 1322 1754 τοῦτον
1346 1723 1398 1758 εἰς
1420 1717 1487 1763 τὴν
1511 1716 1607 1754 Σα-

924 1776 1014 1813 μον
1046 1778 1255 1813 ποοσεπεσε
1287 1763 1494 1819 nuz'puccrct
1531 1769 1610 1804 τοῖς

925 1814 1012 1846 πεοὶ
1037 1799 1103 1846 τὸι
1129 1810 1297 1846 Λεύκιον
1318 1829 1362 1835 -
1381 1808 1485 1867 παρὰ
1505 1815 1608 1846 Λευ-

925 1862 1009 1891 κίοι
1050 1861 1115 1892 τοῦ
1150 1855 1216 1900 τὴν
1251 1857 1396 1892 i'narov
1428 1857 1547 1911 αρχνν
1573 1857 1608 1891 ἕ-

922 1917 1043 1949 goma
1057 1922 1102 1926 —
1116 1903 1301 1946 δηλοῦντα
1326 1916 1391 1941 τας
1410 1902 1506 1950 πρὸς
1522 1902 1610 1941 τοίς

926 1950 1119 1988 Πτωλοις
1143 1951 1394 2006 γεγενημένας
1420 1945 1610 2003 συνθήκας

927 2014 968 2018 -
991 1998 1053 2029 καὶ
1079 1993 1145 2038 τὴν
1164 1995 1228 2029 ἐπὶ
1251 2008 1317 2029 τον
1341 1991 1610 2037 Ελλήσποντον

927 2045 1085 2095 πορείαν
1122 2041 1197 2075 τῶν
1223 2041 1379 2081 πεζικῶν
1406 2042 1610 2098 στρατοπέ-

927 2087 1012 2121 ὃωι.
1062 2084 1202 2133 ὁμοιως
1236 2087 1276 2120 δὲ
1314 2088 1377 2120 καὶ
1410 2089 1487 2124 τοῖς
1520 2087 1609 2132 περὶ

928 2132 995 2166 τὸν
1028 2130 1222 2186 ζ”ίιτιοχον
1245 2151 1290 2156 -—
1325 2136 1442 2166 ταῦτα
1483 2132 1608 2166 διεσα-

929 2181 1036 2223 (festo
1066 2192 1170 2225 παρα
1199 2179 1272 2212 τῶν
1297 2178 1500 2218 Αἰτωλῶν;
1525 2178 1609 2210 oben

928 2235 955 2256 c.
981 2226 1013 2264 9,
1040 2225 1059 2257 6
1084 2211 1170 2256 wird
1195 2235 1257 2256 nur
1282 2224 1354 2256 eine
1377 2223 1610 2264 Vermuthung

931 2270 986 2302 des
1016 2269 1131 2302 Livius
1160 2271 1324 2302 erw'ahnt.
1351 2290 1388 2295 -—
1412 2272 1610 2311 priusquam

930 2334 975 2338 —-
992 2324 1126 2358 urqeret.
1149 2317 1208 2348 hat
1227 2315 1262 2348 L.
1289 2314 1523 2357 hinzugefiigt:
1549 2315 1609 2346 da-

930 2361 989 2393 mit
1014 2372 1050 2393 er
1079 2362 1170 2393 nicht
1195 2366 1265 2394 erst
1285 2379 1328 2384 —
1346 2361 1412 2393 und
1436 2361 1523 2393 daun
1548 2370 1609 2401 ge-

930 2407 1061 2448 nothigt
1086 2409 1189 2440 w'are.
1211 2425 1252 2429 —
1271 2409 1441 2446 caduceum
1471 2408 1526 2445 33,
1556 2408 1609 2446 11,

932 2455 971 2494 33
997 2453 1055 2485 der
1079 2453 1206 2494 Begrifl'
1227 2453 1283 2485 des
1302 2452 1450 2484 Meldens
1479 2451 1524 2483 ist
1549 2452 1609 2483 da—

929 2498 1001 2538 hei,
1040 2499 1104 2531 wie
1140 2497 1189 2530 oft
1212 2499 1266 2530 bei
1292 2501 1425 2540 leqatos,
1467 2504 1610 2530 oratores

928 2548 1048 2577 mittere
1074 2545 1153 2577 oder
1180 2545 1252 2576 dem
1277 2542 1451 2576 einfachen
1475 2546 1611 2584 mittere,
