1747 2841
178 158 233 200 38
601 157 725 190 LIBER
750 156 900 191 XXXV.
934 155 1027 189 CAP.
1055 158 1110 191 24.
1136 158 1190 191 25.
1230 198 1234 201 .
1459 165 1486 183 ⁸·
1505 157 1613 184 1¹·562·

181 261 375 312 extemplo
399 260 445 299 ad
468 261 669 299 consulem
692 260 869 305 mitteret,
894 258 1038 309 quihus
1059 259 1200 298 certior
1219 259 1328 299 fieret
1349 261 1499 300 senatui
1521 262 1608 313 pla-

183 329 281 365 cere,
306 317 506 368 provincia
538 316 789 367 exercituque
820 316 957 354 tradito
986 315 1117 365 legatis
1147 316 1314 354 Romam
1344 318 1485 356 reverti
1515 331 1608 357 eum

144 382 163 414 3
183 380 220 414 et
241 386 287 413 ex
308 374 444 412 itinere
466 374 711 424 praemittere
733 372 914 417 edictum,
939 383 1017 422 quo
1041 372 1195 410 comitia
1217 373 1445 413 consulibus
1468 387 1608 413 crean-

183 431 242 469 dis
272 430 449 469 ediceret.
477 430 604 480 paruit
627 430 673 468 iis
700 429 833 468 litteris
861 428 1000 467 consul
1041 433 1077 466 et
1113 429 1326 477 praemisso
1370 430 1494 469 edicto
1524 432 1608 470 Ro-

143 502 163 533 4
183 499 287 526 mam
315 487 431 525 venit.
461 500 506 525 eo
537 498 695 536 quoque
727 498 830 524 anno
863 496 1000 535 magua
1033 483 1190 523 ambitio
1214 486 1296 532 suit,
1324 486 1431 537 quod
1459 487 1609 537 patricii

182 550 260 583 tres
290 543 330 581 in
359 555 484 581 unum
513 543 643 580 locum
671 542 878 593 petierunt,
898 542 939 579 P.
964 541 1166 579 Cornelius
1195 541 1263 580 Cn.
1294 542 1336 580 F.
1367 543 1509 593 Scipio,
1541 543 1611 594 qui
1651 584 1655 588 ,

182 599 313 650 priore
333 611 435 638 anno
459 599 654 649 repulsam
676 599 823 645 tulerat,
848 604 884 636 et
903 598 945 636 L.
970 597 1172 636 Cornelius
1198 598 1325 648 Scipio
1350 605 1387 638 et
1405 600 1474 638 Cn.
1496 600 1610 638 Man-

145 671 164 702 5
181 656 256 695 lius
276 656 406 694 volso.
452 655 494 694 P.
518 655 700 705 Scipioni,
725 661 767 694 ut
786 655 944 693 dilatum
970 654 1052 691 viro
1077 654 1152 701 tali,
1176 666 1256 692 non
1275 661 1457 706 negatum
1477 656 1608 695 hono-

183 724 268 751 rem
288 718 502 762 appareret,
534 712 758 750 consulatus
790 711 900 750 datus
922 716 998 756 θείς
1023 710 1176 748 additur
1199 710 1232 748 ei
1263 711 1309 749 de
1332 711 1444 762 plebe
1465 713 1609 764 collega

145 769 246 812 6M'.
279 769 424 807 Acilius
456 768 622 807 Glabrio.
655 774 812 818 postero
849 767 909 806 die
951 773 1148 817 praetores
1190 767 1305 805 creati
1344 768 1386 806 L.
1421 769 1610 808 Aemilius

182 825 326 864 Paulus
348 825 396 863 M.
413 825 599 863 Aemilius
621 825 792 874 Lepidus
812 825 860 862 M.
884 824 1019 862 lunius
1042 824 1186 862 Brutus
1209 824 1252 862 Α.
1268 824 1469 863 Cornelius
1484 826 1610 864 Mam-

184 881 289 920 mula
309 881 348 920 C.
368 881 500 919 Livius
522 887 558 919 et
578 881 620 919 L.
645 881 806 931 Oppius,
831 881 985 931 utrique
1009 892 1146 918 eorum
1168 880 1359 919 Salinator
1387 893 1610 932 cognomen

185 943 283 984 erat3
306 938 456 988 Oppius
476 938 508 976 is
530 943 620 983 erat,
647 937 713 988 qui
743 938 903 976 classem
930 936 1063 987 viginti
1093 936 1251 974 navium
1275 937 1316 975 in
1337 937 1502 976 Siciliam
1533 938 1610 977 du-

147 1010 164 1040 7
184 999 303 1033 xerat.
328 994 496 1039 iuterim,
524 994 617 1032 dum
645 994 735 1031 novi
763 994 1008 1044 magistratus
1036 993 1269 1031 sortirentur
1299 994 1533 1043 provincias,
1560 996 1613 1034 M.

183 1050 349 1089 Baebius
372 1063 392 1088 a
416 1051 623 1088 Brundisio
651 1062 740 1088 cum
764 1050 946 1089 omnibus
966 1049 1087 1099 copiis
1107 1049 1272 1088 transire
1302 1050 1342 1087 in
1362 1051 1526 1101 Epirum
1553 1058 1612 1091 est

145 1115 164 1147 8
182 1107 313 1145 iussus
337 1112 373 1145 et
392 1107 491 1145 circa
512 1107 758 1157 Apolloniam
789 1107 917 1157 copias
942 1106 1151 1153 continere,
1174 1111 1211 1144 et
1223 1106 1271 1144 M.
1287 1106 1423 1146 Fulvio
1441 1108 1611 1158 praetori

183 1163 334 1202 urbano
361 1164 561 1213 negotium
592 1163 722 1202 datum
755 1169 822 1209 est,
854 1169 896 1202 ut
926 1163 1230 1213 quinqueremes
1259 1174 1381 1202 novas
1412 1165 1613 1215 quinqua·

184 1219 288 1270 ginta
320 1221 471 1258 faceret.

107 1281 164 1321 25
299 1275 346 1314 Et
365 1276 535 1326 populus
559 1275 717 1325 quidem
737 1275 939 1314 Romanus
969 1275 1019 1313 ita
1041 1288 1081 1313 se
1112 1274 1158 1312 ad
1181 1275 1308 1313 onmis
1331 1283 1493 1314 conatus
1525 1276 1613 1314 An-

144 1343 164 1374 2
184 1331 303 1370 tiochi
323 1331 595 1382 praeparabatz
619 1331 735 1369 Nabis
754 1332 831 1369 iam
854 1343 934 1368 non
958 1330 1159 1369 differebat
1178 1331 1337 1378 bellum,
1365 1332 1433 1370 sed
1455 1345 1611 1371 summa

183 1388 221 1426 vi
243 1388 438 1439 Gytheum
458 1387 708 1438 oppugnabat
738 1393 774 1426 et
794 1388 958 1426 infestus
979 1387 1154 1433 Achaeis,
1189 1388 1295 1437 quod
1321 1388 1507 1427 miserant
1537 1388 1611 1427 ob-

182 1532 406 1575 Stadtpr'ator.
428 1551 470 1555 —
492 1531 677 1572 consubfc.
693 1534 746 1572 20,
770 1534 799 1565 7.
822 1550 860 1554 «-

181 1590 218 1611 ex
245 1582 316 1611 itin.
345 1581 479 1611 edictum
496 1596 540 1600 —
556 1581 696 1619 ediceret,
726 1578 790 1609 wie
806 1579 859 1618 24,

181 1626 214 1665 7,
245 1622 322 1663 10f;
352 1625 382 1663 2,
414 1626 468 1664 24,
495 1626 525 1657 6.

228 1672 328 1704 4-8.
358 1671 485 1702 ambitio
514 1687 558 1691 —
585 1672 620 1701 in
646 1681 702 1701 zm.
733 1672 799 1708 loc..
833 1680 859 1700 c.

184 1717 236 1755 10,
259 1717 294 1755 13
312 1718 342 1749 4.
356 1733 401 1738 —
416 1717 455 1747 L.
474 1717 567 1747 Corn.
582 1717 641 1755 Sca,
656 1715 698 1746 im
719 1715 859 1746 zweiten

931 1542 1046 1564 ausser
1063 1533 1122 1564 der
1142 1543 1167 1564 c.
1182 1535 1235 1573 21,
1261 1533 1484 1567 Ierw'zihnten
1497 1532 1614 1566 Flotte

930 1578 975 1609 ist
1001 1578 1093 1609 nicht
1124 1578 1209 1610 klar.
1227 1597 1271 1601 —
1290 1579 1402 1617 facer..
1428 1589 1454 1610 e.
1477 1580 1532 1619 20,
1557 1581 1608 1613 12.

977 1621 1154 1661 25—30.
1221 1623 1451 1666 Philopoemen
1504 1634 1612 1665 gagen

930 1668 1043 1700 Nabis.
1075 1668 1161 1701 Plut.
1186 1668 1313 1711 Philop.
1335 1671 1375 1702 14
1385 1678 1393 1712 ;
1422 1668 1489 1701 Tit.
1517 1669 1610 1711 15f.;

930 1713 1069 1746 Pausan.
1097 1717 1127 1754 8,
1158 1717 1220 1757 50;
1247 1714 1362 1746 lustin.
1389 1717 1442 1755 31,
1470 1716 1501 1755 3,
1530 1717 1562 1749 4.

180 1761 288 1793 Jahre
318 1762 400 1792 nach
446 1761 503 1793 der
535 1760 669 1799 Pr'zitur,
711 1764 772 1797 34.
807 1763 859 1794 54.

181 1813 216 1839 ut
240 1824 282 1829 -
303 1818 425 1847 appar„
467 1806 520 1838 ein
557 1817 623 1837 von
651 1806 686 1838 L.
714 1806 859 1847 gedach-

179 1856 233 1884 tes
277 1853 356 1884 oder
392 1853 453 1884 den
491 1852 654 1884 W‘ziffleru
700 1856 858 1892 unterge-

179 1897 360 1930 schobenes
402 1897 518 1930 Motiv.
551 1916 595 1920 —
626 1900 758 1930 additur
783 1902 857 1937 etc„

180 1943 245 1975 wie
269 1946 300 1984 9,
327 1946 382 1984 41,
412 1946 426 1977 1
457 1955 488 1975 ιι.
517 1954 545 1974 a.
601 1945 683 1976 Acz'l.
711 1943 762 1974 ein
787 1942 858 1974 An-

179 1989 306 2030 h'anger
342 1990 399 2021 der
434 1989 619 2031 Scipiouen.
649 2000 673 2020 s.
705 1991 764 2028 30,
802 1991 857 2029 40,

180 2037 222 2074 9,-
257 2034 300 2066 ib.
334 2036 389 2073 43,
430 2037 465 2075 13
500 2036 553 2073 33,
583 2036 637 2075 25,
663 2036 702 2075 2;
732 2034 774 2066 ib.
803 2036 857 2074 24,

179 2081 210 2113 2.
250 2098 295 2103 —
321 2082 457 2121 Amul,
494 2091 519 2111 s.
555 2079 631 2111 CIL.
667 2079 689 2112 I.
724 2090 752 2121 p.
779 2081 856 2120 289,

178 2124 245 2166 vgl.
279 2128 352 2166 184,
380 2125 424 2158 ist
448 2136 474 2158 c.
505 2128 556 2165 10,
577 2127 614 2159 11
635 2127 694 2157 mit
716 2125 857 2167 Lepidus

179 2170 287 2202 Aedil.
313 2173 345 2203 0.
375 2174 459 2211 Lz'v.,
486 2182 510 2203 s.
537 2182 563 2202 e.
592 2173 644 2209 10,
675 2173 712 2211 33
739 2172 793 2211 33,
818 2173 857 2211 73

181 2218 270 2256 Opp„
306 2227 332 2248 c.
362 2218 423 2257 23,
459 2219 497 2257 7;
532 2216 627 2248 beide
654 2216 727 2248 sind
755 2217 858 2248 durch

179 2268 206 2294 et
233 2262 425 2294 verbunden
449 2272 565 2303 wegen
591 2263 648 2294 des
672 2262 857 2294 Zunamens

179 2308 351 2347 Salinator,
370 2309 424 2348 25,
446 2309 500 2348 28,
519 2310 558 2349 53
578 2307 655 2340 Tae.
677 2307 759 2339 Anu.
781 2310 812 2348 5,
832 2309 859 2341 1.

179 2370 224 2375 —-
243 2364 263 2384 a
279 2355 417 2392 Brund„
445 2363 471 2385 e.
497 2355 551 2393 23,
580 2356 608 2387 5.
627 2372 670 2375 —
689 2364 760 2385 (mm
777 2365 859 2385 omn.

179 2409 215 2438 0.,
250 2408 276 2430 c.
311 2400 373 2439 23,
409 2400 438 2431 5.
476 2417 519 2421 —
561 2401 716 2440 Epirum,
751 2408 786 2431 es
816 2399 861 2430 ist

179 2441 298 2485 Epirus
330 2454 418 2475 nova
451 2444 617 2485 gemeint,
655 2444 721 2486 vgl.
751 2454 776 2475 c..
805 2446 859 2484 20,

183 2489 243 2532 103
277 2488 439 2530 Forbiger
472 2489 540 2521 alte
566 2488 687 2531 Geogr.
713 2491 744 2530 3,
776 2491 861 2532 8463

182 2533 257 2567 849.
292 2552 336 2556 —
371 2537 537 2575 Aponon„
565 2535 629 2567 wie
655 2537 708 2575 31,
736 2537 790 2575 22,
817 2537 860 2575 43

180 2577 223 2610 ib.
254 2580 313 2621 14,
353 2581 371 2613 2
395 2591 426 2614 u.
453 2590 480 2613 a.
517 2597 562 2602 —
598 2591 695 2614 novas
718 2585 793 2622 etc„
820 2580 860 2612 ob

975 1762 1018 1792 Et
1044 1778 1085 1783 —-
1113 1763 1256 1801 quidem,
1284 1770 1326 1791 an
1359 1760 1417 1792 das
1442 1759 1607 1802 Vorherg.

929 1805 1193 1845 auschliessend,
1230 1805 1353 1846 bildet,
1387 1805 1452 1837 wie
1481 1804 1547 1846 oft,
1576 1808 1610 1847 2,

930 1853 969 1891 2,
1008 1854 1045 1891 9,
1073 1852 1134 1883 den
1159 1850 1357 1892 Uebergang
1393 1861 1465 1883 zum
1500 1850 1607 1893 Folg.,

928 1896 986 1928 der
1002 1895 1201 1938 griechisch.
1225 1896 1424 1929 Geschichte
1441 1898 1610 1938 192—91,

929 1942 982 1974 die
1014 1942 1049 1974 L.
1085 1943 1135 1974 his
1169 1953 1196 1974 c.
1226 1944 1268 1976 39
1296 1943 1379 1974 nach
1403 1941 1522 1985 Polyb.
1553 1952 1610 1974 er-

927 1988 1040 2027 ziihlt,
1080 1988 1141 2020 den
1186 1986 1320 2029 Anfang
1355 1988 1422 2019 und
1452 1988 1537 2019 noch
1563 1987 1608 2019 im

927 2033 954 2065 J.
985 2035 1058 2076 192,
1084 2045 1108 2065 S.
1128 2033 1422 2075 36,1,he1·iehtet‚
1447 2033 1610 2065 w'ahrend

927 2078 1064 2121 Polyb„
1103 2080 1162 2111 der
1193 2079 1254 2110 mit
1286 2079 1357 2111 dem
1383 2078 1523 2110 Herbste
1550 2079 1611 2111 das

925 2124 1008 2156 Jahr
1030 2124 1177 2166 beginut,
1215 2124 1282 2155 wol
1317 2124 1418 2156 sehon
1450 2123 1525 2156 hier
1547 2124 1610 2156 deu

927 2169 1220 2202 Jahresabschnitt
1256 2170 1409 2211 gemacht
1432 2169 1538 2202 hatte.
1564 2188 1610 2193 -

928 2218 972 2247 ita
985 2220 1060 2256 etc„
1076 2226 1102 2247 c·
1118 2218 1171 2256 34,
1192 2217 1243 2256 12,
1263 2217 1290 2248 1.
1314 2217 1471 2247 -Nabis
1491 2213 1610 2257 kniipft

929 2271 970 2293 an
1003 2271 1029 2293 c.
1071 2263 1122 2301 13,
1152 2263 1179 2301 1,
1204 2271 1256 2301 an,
1282 2260 1348 2301 vgl.
1375 2271 1416 2292 zu
1440 2270 1467 2292 c.
1498 2262 1550 2301 18,
1587 2262 1610 2294 4

928 2309 992 2339 iam
1016 2318 1093 2347 non,
1122 2306 1213 2338 nicht
1230 2306 1357 2347 liinger.
1381 2324 1427 2328 —
1454 2307 1609 2347 dtjffereb„

928 2352 986 2384 der
1018 2351 1121 2393 Hrieg
1152 2351 1197 2384 ist
1235 2351 1388 2384 indessen
1420 2352 1524 2383 sehon
1547 2351 1608 2383 be-

929 2408 1067 2439 gonnen,
1096 2408 1122 2429 c.
1153 2399 1202 2431 13.
1221 2415 1254 2420 —-
1293 2399 1442 2437 infestus,
1470 2396 1503 2428 in
1528 2396 1607 2428 dro-

928 2444 1052 2475 hender
1069 2443 1222 2484 Stellung
1246 2453 1361 2484 gegen,
1387 2453 1414 2474 s.
1441 2452 1466 2473 c.
1489 2442 1540 2481 12,
1569 2443 1609 2480 1;

933 2491 960 2529 1,
984 2491 1038 2525 57,
1057 2490 1095 2528 23
1114 2491 1144 2529 2,
1165 2490 1218 2528 56,
1235 2491 1273 2522 5:
1292 2488 1611 2528 invisuminfestum-

929 2536 1114 2575 queplebi;
1147 2535 1208 2574 23,
1244 2535 1283 2573 2,
1318 2534 1356 2578 3;
1389 2535 1450 2573 42,
1480 2534 1540 2573 11,
1567 2534 1608 2574 5;

929 2579 1061 2611 Andere
1095 2580 1186 2612 lesen
1222 2580 1386 2621 infensus,
1421 2588 1492 2610 was
1516 2577 1611 2609 mehr
