1747 2841
219 138 276 181 52
683 138 808 173 LIBER
833 136 983 171 xxxv.
1008 137 1101 171 CAP.
1127 139 1181 172 32.

1494 145 1520 164 a.
1540 145 1569 166 n.
1588 139 1653 167 562.

222 242 409 282 miserant
429 242 477 281 ad
499 241 750 289 Antiochum,
778 241 955 288 redierat,
981 240 1151 292 indeque
1170 241 1400 293 Menippum
1423 255 1558 282 secum
1578 244 1648 283 ad—

183 296 202 328 3
223 299 387 338 duxerat
406 299 507 350 regis
526 299 705 349 legatum.
737 298 815 348 qui,
838 297 1069 348 priusquam
1089 298 1297 337 concilium
1317 298 1364 337 iis
1387 298 1556 347 daretur,
1571 300 1649 339 ini-

223 355 422 406 pleverant
451 355 627 394 omnium
656 367 769 393 aures
789 353 983 393 terrestris
1005 354 1229 405 navalisque
1252 355 1381 405 copias
1403 367 1648 396 commemo-
1691 378 1695 382 ·

181 414 203 445 4
222 411 368 451 rando:
397 411 595 462 ingentem
624 411 703 449 vim
725 410 899 462 peditum
920 410 1175 461 equitumque
1195 411 1340 457 venire,
1371 423 1418 450 ex
1438 412 1547 451 India
1567 413 1647 452 ele-

221 468 388 519 phantos
409 467 562 513 accitos,
582 473 670 506 ante
693 467 836 514 onmia,
858 479 936 517 quo
957 466 1126 505 maxime
1147 467 1357 506 credebant
1376 469 1525 507 moveri
1541 470 1645 508 mul--

220 524 396 564 titudinis
427 524 591 570 animos,
621 530 772 562 tantum
800 523 937 562 advehi
968 522 1063 569 auri,
1096 528 1138 562 ut
1164 523 1271 574 ipsos
1296 536 1425 563 emere
1446 525 1646 565 Romanos

183 589 202 619 5
221 586 365 632 posset.
408 580 627 632 apparebat,
655 580 748 631 quid
771 592 813 619 ea
836 579 957 618 oratio
982 579 1023 617 in
1043 579 1207 618 concilio
1229 585 1383 619 motura
1403 587 1524 627 esset,
1555 583 1653 621 nam*

222 643 259 676 et
288 637 442 676 venisse
468 649 534 675 eos
566 642 614 683 et,
645 648 744 687 quae
773 641 942 687 agerent,
974 636 1103 674 omnia
1127 636 1259 686 legatis
1280 636 1469 676 Romanis
1492 638 1647 677 defere-

182 699 201 730 6
221 693 384 740 bantur;
415 699 451 732 et
477 704 713 744 quamquam
740 705 863 744 prope
887 692 1033 731 abscisa
1057 704 1146 742 spes
1168 698 1259 739 erat,
1282 698 1410 731 tamen
1432 705 1511 732 non
1534 694 1582 733 ab
1603 707 1646 734 re

221 762 306 789 esse
337 749 517 797 Quinctio
555 749 682 788 visum
720 755 778 788 est
812 749 1011 788 sociorum
1042 749 1192 799 aliquos
1223 749 1367 800 legatos
1395 750 1584 789 interesse
1612 751 1648 790 ei

221 806 397 853 concilio,
424 806 491 857 qui
510 806 766 844 admonerent
788 806 986 845 Romanae
1008 805 1198 844 societatis
1219 805 1388 853 Aetolos,
1420 806 1487 856 qui
1509 819 1645 846 vocem

181 868 200 898 7
218 862 379 901 liberam
410 862 560 902 mittere
587 862 774 900 adversus
804 862 904 913 regis
933 862 1102 913 legatum
1133 861 1332 901 auderent.

1390 862 1647 903 Athenienses

220 919 386 958 maxime
414 919 455 957 in
487 931 571 957 eam
599 931 682 957 rem
703 918 835 957 idonei
856 918 926 957 visi
947 924 1039 957 sunt
1058 924 1219 969 propter
1242 925 1278 958 et
1299 918 1457 957 civitatis
1478 919 1646 971 dignita-

218 982 297 1014 tem
328 981 364 1014 et
385 981 575 1014 vetustam
602 975 824 1014 societatem
855 987 945 1013 cum
965 975 1120 1013 Aetolis.
1171 974 1218 1013 ab
1240 975 1286 1014 iis
1311 975 1515 1022 Quinctius
1538 977 1644 1027 petit,

180 1037 199 1069 S
220 1038 263 1071 ut
289 1032 434 1083 legatos
461 1031 506 1070 ad
526 1031 816 1070 Panaetolicum
844 1031 1052 1069 concilium
1084 1031 1291 1070 mitterent.
1334 1031 1462 1070 Thoas
1493 1033 1646 1084 primus

216 1088 257 1126 in
277 1100 322 1127 eo
345 1088 508 1127 concilio
532 1088 767 1127 renuntiavit
784 1087 1025 1138 legationem.
1067 1088 1274 1138 Menippus
1295 1093 1385 1139 post
1405 1100 1496 1127 eum
1516 1089 1645 1128 intro-

217 1144 360 1183 missus
388 1145 582 1195 optimum
612 1144 734 1183 fuisse
767 1143 961 1190 omnibus,
991 1143 1058 1194 qui
1081 1144 1280 1183 Graeciam
1302 1144 1511 1196 Asiamque
1530 1145 1643 1184 inco-

214 1201 350 1248 lerent,
371 1201 433 1248 ait,
454 1201 613 1252 integris
625 1200 743 1239 rebus
755 1200 923 1252 Philippi
934 1200 1109 1251 potuisse
1136 1201 1373 1240 intervenire
1385 1201 1646 1241 Antiochum:

217 1336 270 1376 34,
288 1335 343 1374 24,
369 1337 401 1367 7.
420 1351 463 1357 —
483 1336 595 1372 Thoas,
614 1333 894 1366 wahrscheinlich

214 1380 273 1411 hat
298 1389 334 1411 er
353 1380 437 1410 nach
457 1379 703 1420 Niederlegung
721 1380 780 1411 der
796 1379 893 1411 Stra-

213 1425 320 1466 tegie,
349 1435 374 1456 c.
407 1426 466 1466 12,
493 1425 536 1456 im
561 1424 700 1457 Herhste
733 1426 816 1464 193,
841 1425 893 1457 die

214 1469 472 1502 Gesandtschaft
500 1471 574 1510 192,
617 1481 643 1502 s.
671 1472 734 1510 36,
771 1472 809 1511 7,
842 1472 894 1513 12,

213 1519 425 1556 angetreten,
460 1515 542 1558 App.
582 1515 659 1558 Syr.
696 1518 758 1556 12,
801 1516 892 1548 scine

212 1561 450 1593 Anwesenheit
485 1561 537 1592 bei
561 1560 713 1593 Antioch.
739 1561 785 1592 ist
810 1562 892 1593 eben

212 1617 248 1637 so
299 1606 409 1647 wenig
449 1606 613 1638 berichtet
650 1607 700 1638 als
740 1606 792 1638 die
836 1608 892 1639 des

211 1651 443 1692 Dicaearchus,
478 1662 504 1686 c.
547 1654 605 1692 12,
650 1654 708 1692 153
741 1663 766 1684 s.
795 1663 835 1684 zu
862 1663 890 1686 c.

216 1699 275 1736 14,
302 1701 331 1731 5.
357 1716 400 1720 -—
429 1699 592 1738 Menipp„
621 1699 682 1740 34,
711 1700 767 1740 57,
792 1700 822 1731 6.
846 1716 891 1720 —

213 1745 322 1775 concil.
346 1745 426 1783 dar„
453 1744 507 1782 32,
541 1745 591 1781 19,
618 1745 649 1777 6.

257 1790 356 1822 4-7.
376 1790 528 1828 exlndia,
545 1790 598 1828 39,
611 1790 664 1828 37,
684 1790 741 1822 13:
765 1790 891 1822 Indicis

212 1836 418 1874 (elephantis).
443 1852 488 1856 ——
515 1837 627 1866 accitos
662 1833 746 1866 fehlt
769 1834 801 1865 in
828 1835 890 1866 den

210 1879 349 1911 meisten
376 1879 458 1919 Hss.,
495 1890 522 1911 s.
559 1882 588 1920 1,
612 1882 666 1919 50,
694 1882 732 1920 33
767 1879 810 1911 ib.
838 1882 892 1921 34,

210 1926 249 1964 6,
287 1925 469 1968 eutspricht
506 1925 586 1956 aber
620 1925 694 1957 hier
726 1928 834 1958 venire
857 1937 888 1957 u.

209 1973 478 2004 advehi.—ame
496 1982 592 2010 omn„
625 1972 663 2013 2,
692 1973 729 2011 7,
757 1973 796 2012 43
835 1972 889 2012 23,

213 2017 244 2054 3,
270 2019 301 2050 4.
325 2027 398 2058 quo,
424 2015 485 2048 auf
507 2023 528 2049 t.
554 2018 670 2049 advehi
683 2027 754 2048 aur.
773 2027 813 2048 zu
831 2016 888 2048 bc-

209 2061 337 2103 ziehen,
371 2064 426 2101 44,
453 2063 492 2099 6,
521 2064 574 2096 13.
600 2081 643 2085 —
667 2069 805 2104 afferent,
829 2062 880 2094 be-

208 2106 348 2146 trieben,
358 2107 634 2148 beabsichtigten.
645 2125 688 2130 —
707 2114 735 2140 et
749 2119 887 2150 quamq„

208 2151 271 2183 wir
296 2153 432 2184 wiirden
453 2155 509 2185 sed
533 2164 565 2194 q.
581 2157 760 2195 erwarten,
787 2163 813 2184 c.
835 2155 886 2195 12,

211 2199 261 2230 18.
285 2199 349 2229 abs.
374 2209 452 2238 speS,
478 2198 544 2239 vgl.
573 2209 599 2230 e.
626 2200 679 2237 31,
706 2201 743 2239 73
773 2201 828 2240 45,
855 2200 886 2239 6,

207 2252 308 2275 verm.
334 2243 445 2275 Duker
463 2244 547 2275 auch
567 2254 596 2275 a.
618 2255 648 2276 u.
670 2243 719 2276 St.
737 2248 822 2276 statt
838 2246 886 2276 ab.

206 2299 265 2320 res.
301 2306 346 2310 —
381 2291 419 2320 ab
463 2300 497 2321 re
534 2304 579 2316 =
613 2292 753 2322 alienum
786 2290 887 2321 findet

207 2333 278 2364 sich
302 2338 394 2365 sonst
419 2334 472 2366 bei
494 2335 554 2366 deu
568 2333 724 2367 friiheren
738 2334 885 2367 Schrift-

206 2378 364 2420 stellern,
425 2378 563 2411 Plautus
622 2391 883 2422 ausgenommen‚

207 2424 299 2455 nicht
324 2423 442 2463 leicht3
479 2426 592 2467 sp'atcr
617 2425 776 2468 kaufiger.
826 2429 884 2458 ad-

206 2480 302 2511 mon„
327 2480 353 2501 c.
385 2471 435 2509 13,
460 2472 490 2503 2.
519 2488 560 2493 .-
587 2483 650 2503 voe.
675 2474 726 2504 ab.
747 2483 790 2506 m.
817 2471 882 2504 wie

208 2516 238 2551 3,
272 2516 324 2552 36,
360 2516 389 2548 5.
417 2533 459 2538 —
479 2524 612 2556 propter
639 2524 667 2549 ec
691 2535 734 2540 -
761 2525 789 2550 et
813 2517 881 2558 vgl.

205 2559 273 2592 Cic.
293 2559 389 2593 Tusc.
412 2563 442 2602 5,
467 2562 520 2602 23,
547 2564 608 2595 66;
633 2574 703 2595 cum
720 2570 748 2596 ec
764 2565 881 2596 diurno

963 1340 991 1366 et
1015 1340 1169 1366 nocturno
1201 1340 1307 1373 meta;
1339 1333 1377 1368 L.
1407 1336 1470 1375 41,
1507 1337 1566 1375 11,
1607 1337 1646 1368 5.—

963 1381 1048 1411 inter
1075 1381 1171 1411 simul
1196 1382 1470 1419 complorationem
1487 1399 1531 1404 —
1549 1383 1647 1414 sanae

963 1426 1107 1463 caedem;
1139 1424 1207 1465 vgl.
1234 1426 1296 1466 45,
1335 1426 1394 1466 19,
1421 1428 1456 1458 5:
1483 1432 1644 1467 tamquam

963 1473 1000 1502 de
1022 1473 1121 1502 altero
1148 1488 1188 1491 —-
1215 1473 1310 1502 altero
1319 1482 1330 1509 ,·
1355 1470 1484 1503 Cornel.
1510 1471 1582 1503 Att.
1610 1474 1645 1513 6,

961 1517 1000 1548 2:
1013 1522 1149 1555 propter
1165 1518 1213 1548 vel
1225 1519 1362 1558 qratiam
1381 1519 1430 1549 vel
1445 1519 1640 1559 dignitatem,

963 1561 1111 1602 dagegcn
1136 1560 1172 1593 L.
1209 1563 1263 1602 42,
1299 1563 1353 1603 64,
1387 1564 1424 1595 7:
1451 1569 1491 1595 Α
1506 1570 1642 1602 propter

960 1624 1006 1629 -—
1038 1608 1301 1648 lonqinquz'tatem
1332 1625 1372 1630 —
1409 1614 1437 1640 et
1467 1609 1643 1649 dz'ffioulta-

960 1658 1029 1684 tem.
1071 1670 1114 1674 —
1150 1654 1236 1684 idon.
1272 1655 1324 1693 in,
1364 1652 1428 1685 wie
1464 1659 1559 1686 natus
1592 1657 1642 1695 in,

959 1704 1054 1737 aptus
1082 1700 1128 1737 in,
1161 1699 1222 1738 38,
1262 1699 1324 1738 21,
1364 1700 1402 1738 7,
1431 1698 1643 1739 gewb’hnlich

959 1746 1046 1775 idon.
1071 1745 1121 1774 ad.
1147 1761 1190 1765 —
1216 1750 1324 1776 νείκει.
1348 1755 1408 1776 300.
1434 1754 1470 1775 so
1497 1744 1549 1776 die
1575 1744 1640 1777 Mz.

959 1788 1025 1829 Hs„
1056 1788 1107 1820 die
1133 1787 1271 1829 iibrigen
1292 1800 1353 1820 nur
1366 1792 1547 1830 amicitiam,
1573 1791 1640 1822 und

959 1833 1012 1866 ein
1059 1834 1144 1865 altes
1194 1834 1356 1867 Biindniss
1406 1834 1534 1867 Athens
1578 1836 1641 1868 mit

961 1879 1117 1911 Aetolien
1140 1879 1279 1921 scheint,
1305 1879 1413 1921 einige
1442 1881 1640 1913 Andeutun-

960 1935 1034 1966 gen,
1060 1936 1084 1956 s.
1109 1925 1204 1956 Diod.
1219 1924 1283 1957 Sic.
1307 1927 1358 1966 18,
1391 1928 1422 1966 9,
1453 1926 1638 1968 abgerech—

959 1974 1034 2010 net,
1074 1970 1167 2002 nicht
1212 1971 1365 2002 erwiihnt
1405 1982 1446 2003 zu
1485 1972 1641 2013 werden3

957 2016 1048 2047 wohl
1088 2016 1168 2048 aber
1207 2016 1259 2047 ein
1302 2015 1639 2050 freundschaftliches

958 2061 1184 2101 Verhiiltniss,
1208 2072 1233 2093 s·
1260 2063 1322 2102 31,
1350 2063 1403 2103 30,
1434 2064 1492 2102 113
1518 2065 1573 2104 37,
1603 2065 1635 2105 6,

956 2110 996 2145 43
1022 2109 1053 2147 7,
1080 2108 1118 2147 33
1147 2108 1200 2148 38,
1231 2109 1262 2148 9,
1294 2108 1322 2140 3.
1345 2126 1388 2130 -
1407 2109 1550 2149 Ραηαεε.,
1581 2110 1639 2150 31,

958 2154 1013 2192 29,
1046 2154 1073 2186 1.

1003 2198 1124 2231 8—11.
1169 2201 1315 2238 primus,
1354 2198 1403 2230 als
1441 2198 1499 2230 der
1533 2203 1634 2240 erste,

955 2243 1102 2275 welcher
1126 2244 1256 2286 sprach,
1284 2245 1375 2276 steht
1398 2244 1430 2275 in
1448 2244 1558 2286 Bezug
1575 2244 1637 2277 auf

948 2296 1023 2329 post
1047 2300 1116 2321 eum
1136 2307 1180 2312 —
1197 2292 1254 2329 ait,
1285 2289 1377 2321 nicht
1395 2288 1456 2321 auf
1472 2293 1636 2323 intromis-

955 2346 1021 2375 sus,
1047 2334 1089 2365 da
1105 2333 1215 2366 Thoas
1240 2335 1428 2376 berechtigt
1449 2345 1530 2376 war,
1557 2334 1632 2368 auf-

954 2384 1118 2420 zutreten,
1146 2380 1213 2421 vgl.
1232 2379 1253 2422 §
1275 2383 1325 2415 12.
1346 2399 1389 2404 ——
1408 2383 1549 2422 introm„
1576 2382 1632 2422 31,

955 2426 1008 2465 30,
1037 2427 1064 2458 1.
1087 2443 1130 2448 —
1148 2429 1252 2466 optim.
1275 2428 1390 2467 fuisse,
1416 2437 1442 2458 s.
1471 2437 1497 2458 c.
1518 2428 1569 2467 15,
1591 2428 1631 2467 33

951 2471 985 2502 in
1013 2476 1097 2503 orat.
1123 2476 1234 2503 recta:
1259 2475 1410 2512 optimum
1425 2473 1510 2513 fuit,
1537 2482 1561 2503 s.
1596 2473 1632 2512 3,

953 2519 1006 2557 50,
1032 2518 1071 2556 63
1101 2518 1154 2557 30,
1183 2519 1237 2558 30,
1268 2520 1307 2552 6:
1331 2518 1629 2558 optionumfuerat5

951 2562 1071 2594 ebenso
1105 2561 1126 2604 ξ
1154 2565 1191 2596 9;
1229 2565 1412 2596 habiturum
1440 2564 1551 2604 sutis-ee
1584 2581 1635 2586 --
