1747 2841
85 120 111 138 ι.
132 112 183 139 Ch.
203 113 261 139 1⁹⁰.

499 113 621 145 LIBER
640 112 816 146 xxxvii.
845 113 936 145 CAP.
958 115 1011 148 42.
1029 115 1082 147 43.

1418 112 1500 156 231

92 217 321 256 Macedones
343 222 482 255 vocant
503 238 568 262 —,
591 216 754 255 intulere
774 217 881 267 signa
902 217 1099 255 Romanae
1119 215 1288 266 legiones
1309 222 1346 254 et
1367 216 1440 266 pila
1463 216 1502 254 in

93 273 338 324 perturbatos
369 273 580 311 coniecere.

631 285 679 310 ne
706 273 922 323 interpositi
950 272 1108 323 quidem
1129 271 1318 322 elephanti
1345 272 1502 311 militem
1521 282 1542 313 5

90 330 311 369 Romanum
342 329 596 376 deterrebant,
626 330 830 368 adsuetum
857 330 932 367 iam
963 328 1008 367 ab
1031 328 1170 366 Africis
1193 327 1300 366 bellis
1324 334 1361 366 et
1385 329 1503 367 vitare

41 395 46 402 ’
89 387 277 437 impetum
309 385 442 424 beluae
469 391 505 424 et
526 398 569 424 ex
593 391 812 424 transverso
837 391 903 424 aut
922 385 1006 436 pilis
1028 385 1220 423 incessere
1240 391 1325 430 aut,
1353 384 1384 423 si
1407 397 1501 435 pro-

89 442 176 493 pius
197 442 327 481 subire
353 448 493 492 posset,
517 442 639 492 gladio
664 455 804 481 nervos
828 442 1007 480 incidere.
1050 441 1124 479 iam
1151 441 1275 479 media
1299 441 1399 479 acies
1420 442 1500 480 sere
1520 448 1542 479 o

88 499 216 537 omnis
236 511 256 537 a
279 501 405 537 fronte
428 505 615 549 prostrata
639 505 729 544 erat,
750 505 787 537 et
809 498 978 537 subsidia
1001 498 1199 536 circumita
1223 498 1269 535 al)
1290 504 1396 549 tergo
1414 510 1500 536 cae-

88 555 288 599 debantur,
320 568 409 593 eum
432 555 469 593 in
492 562 596 605 parte
619 556 687 594 alia
712 557 841 606 sugam
865 566 1029 593 snorum
1052 560 1087 592 et
1110 566 1232 604 prope
1252 555 1327 592 iam
1350 554 1396 593 ad
1421 554 1502 604 ipsa

89 618 211 650 castra
232 612 441 650 clamorem
465 613 687 662 paventium
714 624 907 662 accepere.
940 623 1107 661 namque
1130 611 1344 649 Antiochus
1365 624 1385 649 a
1406 610 1501 649 dex·
1522 616 1540 647 7

89 675 148 706 tro
172 680 308 713 cornu,
332 681 421 706 enm
446 668 496 707 ibi
518 669 654 707 fidncia
676 668 846 707 fluminis
868 668 969 706 nulla
985 667 1155 706 subsidia
1167 674 1343 706 cerneret
1354 673 1505 717 praeter

89 730 272 775 quattuor
303 731 449 764 turmas
482 726 667 775 equitum,
698 732 734 763 et
763 737 836 770 eas,
868 724 961 762 dum
988 724 1179 774 applicant
1201 736 1241 761 se
1262 723 1355 770 suis,
1381 724 1503 774 ripam

90 781 292 825 nudantis,
324 781 511 832 impetum
540 783 578 820 in
609 794 691 820 eum
724 787 871 831 partem
902 793 991 819 eum
1012 780 1162 818 auxiliis
1193 786 1230 819 et
1260 780 1503 830 cataphracto

89 837 259 888 equitatu
285 838 394 883 feeit3
422 851 493 876 nee
514 852 534 876 a
556 840 682 876 fronte
700 843 848 876 tantum
869 837 1042 883 instabat,
1075 837 1140 875 sed
1162 837 1363 875 circumito
1386 850 1406 874 a
1428 838 1502 874 ssu-
1523 844 1543 877 8

89 894 192 932 mine
215 906 337 932 cornu
362 895 434 932 iam
459 894 505 933 ab
527 895 641 933 latere
663 894 834 944 urgebat,
861 894 986 932 donec.
1008 894 1126 944 fugati
1148 893 1295 944 equites
1319 893 1504 943 primum,

87 951 175 989 dein
218 951 384 1001 proximi
425 951 596 1001 peditum
635 951 757 989 effuso
799 963 917 989 eursu
948 951 993 988 ad
1025 956 1147 989 eastra
1178 949 1368 1000 compulsi
1400 955 1503 987 sunt.

89 1007 426 1046 l'raeeratcastris
449 1008 497 1046 M.
519 1007 703 1045 Aemilius
736 1007 916 1046 tribunus
948 1007 1134 1053 militum,
1165 1007 1214 1045 M.
1235 1006 1371 1057 Lepidi
1392 1006 1504 1052 lilius,
1523 1010 1581 1051 43

87 1064 154 1114 qui
187 1069 275 1114 post
303 1076 448 1114 paucos
474 1076 598 1102 annos
621 1064 792 1114 pontifex
813 1064 1005 1102 maximus
1029 1065 1150 1102 faetus
1172 1069 1239 1101 est.

1288 1063 1319 1101 is
1340 1075 1414 1114 qua
1439 1064 1503 1100 fu·
1524 1073 1543 1105 2

89 1131 174 1170 gam
216 1119 397 1159 cernebat
436 1133 623 1166 suorum,
661 1133 752 1158 eum
782 1120 973 1170 praesidio
1007 1120 1112 1158 onmi
1143 1119 1313 1158 occurrit
1342 1125 1379 1157 et
1406 1125 1505 1157 stare

89 1176 229 1226 primo,
256 1176 395 1215 deinde
416 1177 542 1215 redire
563 1177 601 1215 in
624 1189 794 1227 pugnam
823 1177 980 1215 iubebat
998 1188 1182 1227 pavorem
1205 1182 1240 1214 et
1260 1182 1415 1226 turpem
1438 1177 1504 1214 fu-

87 1244 174 1283 gam
205 1233 433 1283 increpans;
468 1234 594 1272 minae
621 1234 759 1272 exinde
782 1240 910 1278 erant,
941 1234 979 1271 in
1002 1233 1215 1283 perniciem
1239 1245 1348 1271 suam
1372 1244 1505 1271 caecos
1525 1236 1544 1268 3

86 1302 213 1335 ruere,
244 1290 283 1328 ni
306 1290 406 1327 dieto
428 1297 629 1340 parerent3
660 1296 858 1340 postremo
890 1290 953 1328 dat
982 1290 1062 1328 suis
1090 1290 1267 1340 signum,
1299 1295 1339 1327 ut
1357 1288 1506 1339 primos

89 1346 318 1396 fugientium
344 1347 512 1391 caedant,
540 1346 694 1384 turbam
717 1347 1007 1397 insequentium
1035 1349 1137 1384 ferro
1160 1352 1198 1384 et
1218 1345 1443 1384 vulneribus
1464 1346 1505 1384 in

87 1402 237 1440 hostem
264 1402 447 1453 redigunt.
488 1403 548 1440 hic
570 1403 692 1441 maior
715 1403 832 1441 timor
855 1404 1048 1441 minorem
1070 1402 1176 1440 vicit:
1208 1402 1363 1452 ancipiti
1387 1401 1507 1440 coacti
1525 1411 1546 1442 4

87 1465 191 1497 metu
219 1459 345 1508 primo
370 1459 648 1504 constiterunt;
681 1459 820 1497 deinde
848 1466 884 1498 et
912 1460 986 1510 ipsi
1015 1459 1163 1497 rediere
1184 1459 1222 1496 in
1246 1471 1440 1509 pugnam,
1471 1465 1508 1497 et

87 1599 132 1603 —
156 1583 246 1614 Rom.
271 1583 339 1622 leq„
367 1591 392 1612 c.
424 1583 477 1620 39,
509 1583 539 1614 7.
576 1600 617 1603 -
643 1584 760 1614 adsue&

88 1643 131 1648 —
158 1629 268 1666 vitare,
296 1629 348 1666 10,
389 1629 440 1665 19,
479 1628 537 1666 19;
570 1630 625 1667 2ῖ,
651 1629 705 1667 39,
732 1629 762 1660 8.

85 1689 130 1693 ——
154 1683 265 1704 nervos
289 1683 320 1706 n.
340 1675 507 1712 poplitum.

131 1718 229 1752 6-8.
262 1729 281 1749 a
306 1719 422 1759 frome
456 1718 586 1750 scheint
610 1717 679 1749 sich
708 1718 767 1749 auf

89 1763 140 1795 die
176 1762 401 1804 Streitwagen
427 1773 467 1795 zu
492 1763 668 1803 beziehen3
704 1764 763 1795 da-

88 1818 190 1850 gegen
227 1808 270 1840 ist
303 1808 394 1840 nicht
413 1809 577 1849 erwiihnt,
606 1810 681 1841 dass
709 1809 761 1841 die

86 1856 227 1886 subsidia
269 1854 290 1896 ξ
327 1856 358 1891 2,
398 1855 478 1886 oder
517 1855 568 1887 die
601 1854 762 1895 Phalanx,

87 1899 214 1931 welche
238 1911 258 1931 a
273 1901 388 1941 frome
407 1901 595 1941 gegeniiber
619 1900 764 1942 gemeint

84 1945 154 1977 sein
179 1945 311 1984 kiinnte,
338 1956 519 1987 umgangen
542 1947 646 1986 w'zire,
683 1957 710 1978 s.
737 1957 763 1978 e.

86 1992 144 2030 43,
173 1992 204 2026 9.
230 2009 273 2013 —
299 1994 333 2022 in
348 2003 383 2031 p.
418 1994 492 2030 alia,
528 1994 581 2028 31,
616 1994 669 2031 21,
706 1994 763 2033 153

88 2038 142 2076 25,
176 2038 208 2075 9,
243 2040 272 2068 9.
307 2056 348 2060 —
392 2049 503 2077 accep„
546 2038 598 2070 die
629 2037 764 2077 Romen

85 2093 148 2114 aco.
174 2081 218 2113 ist
243 2082 291 2113 als
317 2084 591 2124 entsprechendes
606 2082 765 2115 Pr'aeidicat

84 2128 170 2159 auch
209 2138 249 2158 zu
280 2129 400 2170 fuqam
446 2139 485 2160 zu
541 2129 677 2161 donken.
721 2148 764 2151 —

87 2184 156 2205 oum
180 2184 253 2205 aux.
278 2180 309 2205 et
331 2180 388 2206 cat.
414 2186 471 2215 eq,
502 2175 572 2206 also
606 2175 666 2206 mit
694 2175 765 2207 dem

86 2220 237 2259 grossten
264 2218 291 2250 T
294 2219 380 2251 heile
421 2221 477 2251 des
517 2221 651 2252 rechten
684 2220 765 2252 Flii-

87 2263 168 2306 gels‚
198 2274 224 2296 c.
264 2266 318 2304 40,
352 2267 449 2298 5—e.
489 2285 528 2288 —
557 2269 704 2305 proximi
730 2278 764 2306 p.

87 2310 208 2342 miisste
243 2311 327 2341 nach
352 2321 379 2342 e.
406 2312 460 2351 39,
497 2312 538 2351 8;
568 2314 605 2345 11
633 2311 684 2344 (lie
713 2315 765 2344 ala

85 2357 221 2387 cinisem
245 2356 302 2387 ‹ler
327 2358 406 2387 socii
431 2356 512 2396 sein,
542 2356 623 2389 lust.
653 2359 707 2397 31,
734 2360 764 2397 8,

87 2402 125 2434 6·
148 2403 246 2441 pulsa
265 2403 341 2443 leqio
358 2404 521 2442 Romanam
546 2402 627 2445 App.
659 2413 685 2434 e.
705 2405 766 2436 24:

78 2444 266 2490 Ἀντίοχος
297 2464 340 2469 -
380 2443 563 2488 διακόψας
602 2446 643 2481 ’τὸ
679 2445 766 2482 σύν-

85 2504 211 2546 ‘mmm
246 2493 309 2533 τῆς
339 2488 528 2537 (Ρωμαίων
573 2489 768 2546 φάλαγγος

85 2534 294 2572 ἀνέσπασεν
347 2538 407 2572 ἐπὶ
459 2537 555 2572 πολὺ
605 2536 767 2579 omnm,-

832 1592 859 1613 (ε.
886 1584 943 1628 365
969 1584 1075 1628 μέχρι
1101 1583 1167 1614 τοῦ
1183 1579 1371 1627 “Ρωμαίων
1388 1577 1508 1626 χάρα-

832 1640 893 1666 κος
919 1629 1042 1669 ἦλθεν.

878 1716 948 1754 43.
993 1720 1090 1751 1—6.
1133 1720 1257 1758 Lepidi,
1295 1729 1320 1749 s.
1356 1720 1410 1757 31,
1449 1718 1508 1757 183

833 1767 886 1804 37,
913 1767 967 1803 47,
997 1766 1027 1797 6.
1050 1783 1093 1786 —
1120 1768 1178 1805 qui
1200 1764 1280 1805 geht
1297 1761 1357 1795 auf
1372 1765 1506 1803 Lepidi,

834 1810 870 1841 L.
903 1811 1013 1841 maeht
1056 1809 1162 1842 seiten
1198 1809 1309 1841 solehe
1352 1808 1509 1840 Bemerk-

833 1866 951 1897 ungen,
976 1866 1002 1889 s.
1029 1865 1054 1887 c.
1083 1858 1135 1896 57,
1163 1857 1194 1894 5,
1220 1855 1272 1886 die
1296 1854 1509 1895 voi-liegende

833 1901 876 1933 ist
912 1912 970 1932 aus
1007 1900 1122 1943 Polyb.
1160 1902 1214 1940 22,
1253 1902 1292 1933 3:
1333 1899 1507 1933 Λεπίδου

833 1946 896 1980 τοῦ
945 1945 1038 1990 μετὰ
1096 1948 1211 1979 ταῦτα
1268 1947 1510 1990 γεηηθέντος

833 1990 1035 2039 ἀρχιερέως,
1063 2003 1088 2024 s.
1122 1991 1158 2023 L.
1196 1994 1249 2028 40
1287 1991 1509 2031 42,12.—

827 2041 982 2078 pvaeszd
1011 2040 1108 2077 e.39,
1130 2040 1180 2070 12.
1202 2056 1241 2060 ——
1260 2048 1374 2077 przmo,
1399 2038 1510 2068 deinde

833 2084 988 2116 beziehen
1014 2083 1085 2115 sich
1109 2081 1168 2114 auf
1199 2082 1251 2114 die
1284 2082 1458 2122 Infinitive,
1483 2092 1510 2113 s.

833 2128 854 2172 ξ
882 2133 922 2171 43
948 2131 1070 2161 tubebat
1096 2129 1179 2160 ohne
1199 2128 1422 2170 perso'nliehes
1441 2108 1509 2159 ὀὴ-

830 2175 911 2216 ject,
950 2186 975 2206 s.
1013 2177 1044 2213 3,
1087 2176 1141 2214 22,
1176 2176 1215 2212 6;
1252 2175 1302 2213 10,
1342 2175 1373 2213 9,
1411 2175 1438 2206 1.
1465 2191 1510 2195 -

834 2224 939 2253 minae
957 2232 982 2253 e.
1000 2232 1055 2259 απ,
1085 2220 1169 2251 dann
1188 2218 1306 2252 fanden
1331 2222 1427 2259 statt,
1455 2228 1509 2250 er·

835 2266 979 2307 folgten,
1013 2267 1125 2298 exinde
1157 2265 1236 2296 oder
1272 2267 1348 2297 exin
1378 2265 1438 2296 hat
1472 2263 1510 2296 L.

834 2310 1013 2351 mehrfaeh,
1051 2322 1075 2342 s.
1113 2321 1138 2342 c.
1168 2312 1222 2350 47,
1257 2311 1294 2351 83
1332 2312 1359 2351 1,
1386 2311 1439 2350 28,
1469 2311 1509 2343 10

834 2369 864 2389 u.
890 2368 940 2396 a.;
973 2368 1033 2388 zur
1064 2355 1230 2388 situation
1267 2358 1318 2395 10,
1357 2358 1411 2396 36,
1444 2355 1508 2389 ssff.

835 2422 878 2426 ——
906 2409 933 2435 ec
963 2405 1027 2442 ipsa*
1058 2401 1103 2433 ist
1136 2401 1209 2433 hier
1239 2401 1330 2433 nicht
1367 2412 1407 2433 zu
1430 2410 1509 2433 ver-

835 2448 966 2488 binden,
1002 2448 1142 2479 sondern
1175 2454 1202 2480 et
1234 2446 1417 2489 entspricht
1448 2446 1510 2479 den

835 2493 951 2526 beiden
972 2491 1156 2535 folgenden,
1176 2492 1240 2525 wie
1264 2495 1328 2532 ipsi
1342 2511 1385 2515 —
1402 2493 1511 2525 Aemi-

835 2543 898 2573 lius
938 2557 984 2562 —
1021 2541 1160 2571 Attalus.
1195 2557 1236 2561 —-
1269 2541 1388 2571 rediere
1427 2538 1511 2569 nach
