1747 2841
31 135 33 137 ,
91 121 118 140 ι.
141 113 192 141 Ch.
216 113 275 140 188.

527 113 650 146 Linea
677 113 870 148 xxxviii.
904 113 995 146 CAP.
1021 116 1073 148 40.
1434 112 1518 156 343

95 218 208 258 Elaea
241 217 404 258 adducta
445 216 574 267 copias
616 229 753 256 onmes
791 217 832 255 in
871 216 1068 266 Europam
1111 216 1263 254 traiecit.
1320 216 1410 256 inde
1447 229 1554 268 per4

96 275 384 315 Chersonesum
426 273 588 312 modicis
628 272 830 312 itineribus
871 284 985 324 grave
1025 272 1164 322 praeda
1205 272 1333 311 omnis
1364 273 1516 324 generis

95 343 233 383 agmen
263 330 418 370 trahens
448 329 710 380 Lysimachiae
745 329 877 368 stativa
917 328 1070 374 habuit,
1111 334 1153 367 ut
1192 340 1309 379 quam
1349 329 1514 368 maxime

91 386 311 428 recentibus
342 393 378 425 et
407 386 564 437 integris
590 386 772 425 iumentis
803 385 1040 431 Thraeciam,
1072 397 1141 435 per
1171 397 1287 436 quam
1308 385 1379 423 iter
1401 385 1514 436 vulgo

94 443 314 489 horrebant,
346 442 627 493 ingrederetur.
665 455 741 493 quo
774 443 973 493 profectus
1005 447 1062 480 est
1089 441 1135 479 ab
1168 441 1409 492 Lysimachia
1440 441 1513 489 die,
1534 451 1552 481 5

93 501 138 539 ad
170 512 323 540 amnem
351 499 496 538 Melana
528 511 645 550 quem
673 504 822 544 vocant,
849 498 938 537 inde
969 503 1126 548 postero
1155 497 1215 536 die
1235 497 1394 549 Cypsela
1420 510 1512 549 per—

94 557 205 596 venit.
235 568 256 595 a
283 556 454 606 Cypselis
485 556 542 594 via
574 556 706 594 decem
740 555 887 593 milium
921 556 1000 592 sere
1030 554 1213 592 silvestris
1233 561 1392 605 angusta
1415 567 1511 593 con-
1531 568 1550 599 6

92 613 242 664 fragosa
273 611 505 663 excipiebat,
550 618 709 662 propter
740 612 848 650 cuius
877 611 1140 649 difficultatem
1170 611 1316 649 itineris
1345 611 1385 650 in
1417 611 1512 650 duas

92 675 218 719 partes
248 668 393 707 divisus
421 669 621 714 exercitus,
654 675 689 707 et
720 667 950 718 praecedere
981 679 1057 706 una
1087 667 1202 713 iussa,
1234 668 1348 706 altera
1370 680 1510 719 magno

89 725 289 764 intervallo
304 737 602 776 cogereagmen,
628 724 752 763 media
773 724 1048 775 impedimenta
1068 723 1319 774 interposuit:
1342 724 1511 774 plaustra

94 793 182 820 cum
210 782 373 844 pecunia
402 781 553 832 publica
582 787 690 819 erant
720 781 963 831 pretiosaque
984 780 1052 818 alia
1075 780 1226 830 praeda.
1257 780 1306 819 ita
1328 792 1417 819 cum
1442 793 1511 831 per
1530 795 1548 826 7

90 838 229 877 saltum
261 838 352 884 iret,
384 838 464 876 'lhi
467 849 601 876 aecum
630 837 763 875 decem
797 837 897 875 haud
930 837 1095 887 amplius
1122 837 1223 875 milia
1255 849 1300 875 ex
1327 843 1511 887 quattu01

90 894 266 957 populis,
289 869 382 933 Asiii
405 901 442 933 et
463 894 578 933 Caeni
600 900 636 932 et
656 893 873 932 Maduateni
894 899 931 932 et
950 893 1095 939 Coreli,
1125 893 1202 931 ad
1194 906 1295 944 ipsas
1316 894 1511 944 angustias

90 950 190 989 viam
213 951 558 989 cir‹umseder.unt
590 949 721 1001 opinio
754 962 795 988 er
797 955 833 988 at
857 962 937 988 non
960 950 1043 988 sine
1066 949 1232 1000 Philippi
1252 925 1510 989 Macedonum
1529 966 1548 998 8

90 1007 192 1058 regis
215 1007 350 1045 fraude
371 1007 407 1045 id
432 1009 597 1052 fa30tum
621 1018 710 1045 eum
732 1006 849 1045 scisse
872 1018 954 1045 non
977 1006 1046 1044 alia
1069 1018 1185 1057 quam
1200 1019 1270 1057 pei
1283 1006 1509 1045 Thraeciam

89 1063 284 1102 redituros
306 1063 529 1110 Romanos,
559 1068 595 1101 et
621 1069 804 1113 quantam
834 1063 1038 1114 pecuniam
1073 1075 1204 1101 secum
1229 1068 1438 1113 portarent.
1468 1063 1508 1101 in
1528 1074 1547 1107 9

89 1119 218 1171 primo
265 1119 415 1170 agmine
455 1119 665 1173 imperator
706 1125 806 1166 erat,
847 1120 1030 1158 sollicitus
1070 1126 1229 1169 propter
1269 1119 1509 1170 iniquitatem

85 1175 276 1214 locorum.
306 1176 495 1214 Thraeces
515 1176 610 1214 nihil
639 1189 680 1214 se
711 1182 930 1222 moverunt,
961 1176 1085 1214 donec
1115 1175 1250 1214 armati
1275 1176 1506 1222 transirent,

85 1238 294 1283 postquam
305 1233 453 1283 primos
466 1245 668 1283 superasse
681 1233 874 1284 augustias
888 1233 1078 1278 viderunt,
1094 1238 1316 1283 postremos
1329 1233 1507 1271 nondum
1531 1249 1570 1281 10

85 1365 110 1387 s.
136 1356 190 1394 25,
218 1355 270 1394 36,
291 1357 321 1387 4.
338 1366 519 1393 ——morem,
545 1365 573 1388 e.
602 1357 651 1387 16.
679 1355 759 1388 1011,

86 1418 130 1422 -—
146 1402 300 1440 adducta,
327 1412 356 1432 u.
383 1403 427 1432 ad
448 1403 694 1440 Hellespontum.

131 1448 231 1480 4—6.
257 1449 360 1478 omnis·
381 1457 472 1487 qen,
510 1457 534 1477 s.
560 1448 621 1485 39,
648 1448 701 1487 40,
730 1448 759 1485 7,

86 1491 153 1532 vgl.
179 1493 233 1531 37,
258 1493 310 1525 53.
339 1494 368 1525 9.
396 1510 440 1514 —
464 1494 592 1523 trahens
613 1503 642 1523 n.
660 1503 761 1524 secum

85 1536 150 1569 wie
175 1547 201 1568 c.
231 1539 284 1576 52,
311 1540 349 1574 5:
376 1538 407 1577 9,
439 1539 489 1574 19,
513 1540 543 1570 5.
570 1555 614 1559 —-
638 1540 698 1569 iter
725 1555 760 1559 —

82 1584 219 1623 hor-reb„
251 1584 305 1621 28,
336 1585 387 1622 25,
415 1584 451 1616 2:
479 1584 533 1622 39,
564 1585 617 1619 51,
638 1585 658 1616 4
678 1594 708 1614 u.
728 1593 758 1615 a.

82 1646 128 1651 -—
152 1630 295 1663 Melana,
322 1628 412 1660 Hom.
440 1627 475 1659 ll.
501 1630 563 1667 24,
591 1630 651 1668 79,
677 1627 760 1660 Plin.

82 1676 122 1713 4,
155 1675 214 1714 11,
251 1675 311 1707 43:
348 1685 367 1705 a
401 1676 535 1706 ,Dorisco
571 1676 762 1706 incurvatur

82 1730 141 1752 ora
163 1721 208 1751 ad
228 1721 364 1751 Macron
390 1721 485 1752 tichos
505 1738 549 1741 -——
568 1722 652 1751 circa
669 1731 760 1760 quem

80 1767 180 1798 locum
205 1767 332 1806 fluvius
361 1767 481 1804 Melas,
520 1777 540 1797 α
570 1776 632 1806 quo
668 1768 760 1797 sinus

79 1813 268 1850 appellatur.
295 1813 411 1850 oppida
437 1813 567 1851 Cypsela
592 1815 665 1846 cte„
691 1811 758 1851 vgl.

81 1854 103 1897 ξ
131 1858 186 1890 48.
213 1874 248 1878 -
283 1859 427 1896 Cypsela,
455 1867 479 1887 s.
516 1867 545 1888 c.
571 1857 633 1897 41,
659 1859 688 1889 4.
714 1874 759 1878 —

80 1904 134 1934 via
173 1904 342 1941 silvestris,
387 1902 489 1933 durch
513 1908 658 1944 auyusta,
701 1902 759 1933 der

80 1957 184 1988 ganze
209 1946 334 1987 Begriff
358 1947 461 1979 durch
488 1948 698 1989 confraqosa,
731 1958 757 1979 s,

80 2003 106 2023 c.
136 1994 200 2031 41,
232 1995 268 2032 53
295 1994 357 2032 21,
383 1994 444 2033 32,
471 1994 509 2026 9:
535 1993 672 2032 uneben,
698 1993 757 2024 be-

79 2038 222 2078 stimmt,
257 2048 284 2071 s.
318 2039 356 2075 9,
385 2038 416 2079 2,
444 2040 473 2071 7.
497 2057 540 2061 —
577 2040 756 2079 excipiebat,

79 2083 143 2115 wie
178 2093 205 2114 c.
238 2085 299 2123 41,
333 2085 363 2116 5
396 2101 434 2105 --
461 2095 572 2125 mayno
605 2087 661 2116 int.
694 2084 757 2116 soll

80 2127 443 2169 (lieUnvorsichtigkeit
452 2130 614 2161 andeuten
620 2140 662 2169 ,w
665 2129 756 2162 elche

81 2174 210 2227 Appiau
250 2173 401 2206 scharfer
443 2175 566 2206 tadelt:
614 2157 708 2219 [chy
700 2188 758 2213 ως

79 2216 245 2273 πάμπαν
263 2215 339 2265 ὥρα
357 2222 491 2264 θέρους
513 2239 558 2242 -
576 2217 638 2253 δια
660 2201 756 2266 Θρᾴ-

79 2277 142 2306 κης
160 2261 230 2298 ὧδε
239 2277 286 2305 ve,
301 2268 435 2317 στενηι
448 2268 510 2298 καὶ
529 2262 677 2318 μακράι
694 2268 755 2299 καὶ

80 2308 267 2363 ducssaroz
287 2307 378 2344 ἔδοι
392 2310 530 2344 -οὕτε
559 2324 603 2344 τα
630 2322 756 2345 σκευο-

79 2352 180 2407 φόρα
206 2352 383 2395 συντάξας
401 2356 436 2394 ἐς
452 2352 586 2400 Ῑόχοιις
600 2354 754 2412 ,ὀρθίους

77 2401 256 2453 (zwischen
285 2401 336 2433 die
362 2401 529 2443 Manipel),
559 2403 595 2434 ἱί
639 2402 754 2454 ειζφιι-

77 2443 280 2500 λακτότερα
314 2448 345 2493 ἡ.
380 2444 464 2480 ἀλλ’
493 2444 641 2492 ἀθρόως
665 2448 754 2500 ἠγεν

77 2489 246 2530 ἅπαντας
273 2484 335 2526 ἐπὶ
346 2493 476 2549 μῆκος
497 2493 605 2535 πολὺ,
624 2496 686 2526 καὶ
707 2491 751 2526 τὰ

78 2534 290 2584 σκευοᾳόοα
325 2537 422 2582 εἶχεν
454 2539 493 2571 ἐν
516 2541 635 2585 μέσῳ,
660 2535 751 2585 μήτε

831 1356 903 1388 τῶν
928 1351 1096 1400 πρόσθεν
1129 1354 1254 1392 αἰτοΐς
1287 1355 1509 1406 δυναμένων

832 1401 1044 1447 ἐπικουρεῖν
1067 1412 1156 1446 μητε
1183 1401 1256 1434 τῶν
1283 1395 1452 1434 ὄπισθεν
1463 1419 1508 1423 -

830 1448 941 1481 modim
968 1446 1033 1477 alle
1058 1456 1241 1477 zusammen
1268 1446 1300 1477 in
1327 1446 1379 1478 die
1396 1446 1505 1486 Mitte,

830 1494 1020 1530 interposuzt
1044 1491 1144 1523 allein
1163 1502 1192 1522 u
1196 1502 1234 1523 111
1237 1492 1275 1523 de
1293 1491 1398 1524 dieses
1417 1492 1508 1524 nicht

829 1548 865 1568 so
891 1537 1056 1568 bestimmt
1080 1537 1288 1569 bezeichnen.

877 1584 996 1616 7—10.
1023 1585 1086 1623 ita,
1111 1583 1144 1614 in
1170 1583 1228 1615 der
1256 1582 1336 1615 eben
1363 1583 1507 1623 gesehil-

830 1628 944 1660 derten
992 1628 1159 1669 Ordnung.
1209 1646 1252 1650 —
1300 1631 1394 1661 Astii
1430 1633 1505 1669 ete„

828 1673 1020 1716 Apposition
1039 1684 1079 1705 zu
1097 1676 1187 1706 milia
1203 1678 1288 1705 statt
1308 1685 1348 1705 zu
1364 1677 1505 1715 populis,

831 1719 896 1760 vgl.
940 1721 994 1759 35,
1038 1721 1099 1755 49
1145 1722 1183 1759 S,
1226 1719 1348 1751 Strabo
1376 1722 1405 1761 7,
1432 1722 1463 1762 6,
1486 1721 1505 1754 2

828 1775 856 1807 p.
880 1766 963 1798 320:
977 1763 1202 1818 Μὺπερκεῖται
1221 1765 1259 1798 δὲ
1279 1769 1344 1798 τοῦ
1365 1767 1506 1806 Βυζαν-

828 1813 910 1843 τίιοι
949 1806 990 1843 τὸ
1020 1823 1094 1844 των
1122 1808 1260 1844 Ἀστῶιι
1296 1811 1423 1851 ἔθνος,
1467 1812 1507 1845 ἐν

829 1855 856 1888 (ἱ)
885 1851 994 1893 πόλις
1010 1853 1184 1899 Λαλὺβη;
1210 1855 1294 1889 Ptin.
1321 1858 1352 1898 4,
1373 1859 1424 1897 11,
1444 1859 1506 1899 45,

829 1900 965 1933 Ptolem.
995 1903 1105 1942 3,11‚
1137 1899 1369 1944 1οιιἈστικὴ
1397 1913 1505 1954 στρα-

827 1950 947 1991 τηγία,
971 1957 1033 1978 von
1058 1926 1234 1979 Perinthus
1255 1948 1304 1979 bis
1318 1947 1504 1990 Apollonia

828 2011 872 2014 —
897 1995 1010 2033 Caeni,
1044 1992 1128 2024 Plin.
1162 1992 1184 2024 1.
1210 1993 1231 2024 l.
1260 1996 1321 2027 40:
1363 1995 1504 2034 Caenici3

827 2038 870 2070 ib.
898 2040 960 2071 47.
984 2041 1070 2080 reqio
1087 2041 1228 2079 Caenica,
1256 2038 1421 2070 zwischen
1446 2039 1505 2071 der

826 2083 1001 2126 Propontis
1044 2085 1107 2115 und
1157 2084 1227 2115 dem
1270 2084 1406 2116 Hebrus.
1460 2103 1503 2108 —

825 2132 971 2161 Maduat.
997 2139 1060 2160 von
1085 2132 1250 2169 Madycus,
1275 2131 1328 2170 31,
1362 2131 1420 2170 163
1447 2130 1502 2169 33,

827 2176 887 2213 383
918 2177 1036 2213 Coreli,
1077 2175 1108 2206 in
1133 2176 1302 2207 mehreren
1328 2174 1399 2207 Hss.
1423 2177 1502 2207 Cor-

825 2223 907 2257 mli,
942 2219 1095 2252 scheinen
1125 2225 1216 2252 sonst
1243 2220 1333 2252 nicht
1356 2220 1504 2252 bekannt

825 2277 864 2297 zu
890 2265 969 2297 sein.
995 2283 1039 2287 —
1064 2273 1203 2308 auquel„
1232 2277 1257 2298 s.
1278 2268 1297 2306 ξ
1316 2268 1345 2300 6.
1363 2284 1406 2289 --
1427 2269 1503 2308 alia,

826 2310 891 2352 vgl.
926 2312 962 2350 2,
997 2312 1055 2350 53,
1097 2314 1123 2344 1.
1158 2330 1200 2333 —
1231 2315 1367 2344 reditur.
1399 2330 1442 2335 —-
1474 2319 1503 2345 et

824 2363 947 2398 quant„
977 2356 1035 2387 der
1053 2357 1094 2389 W
1101 2358 1211 2389 echsel
1235 2358 1292 2389 der
1312 2357 1501 2390 Construct.

822 2402 901 2434 heht
926 2401 984 2433 das
1010 2402 1136 2434 Zweite
1164 2404 1295 2435 hervor.
1336 2421 1378 2426 -—-
1405 2405 1503 2436 donee

823 2452 884 2480 ete.
917 2448 1048 2479 enthiilt
1079 2448 1229 2490 zugleich
1262 2449 1324 2480 den
1362 2449 1501 2490 Beweg-

824 2492 940 2534 grand,
966 2493 1019 2533 21,
1047 2494 1100 2531 28,
1132 2496 1181 2527 10.
1207 2511 1250 2516 -
1276 2505 1440 2534 superasse
1458 2510 1496 2515 —

824 2541 1025 2580 appropinq.,
1056 2542 1109 2579 21,
1125 2541 1179 2581 33,
1194 2541 1224 2573 2.
1236 2543 1432 2574 ——sarcinae
1455 2539 1501 2572 ist
