1747 2841
107 127 135 146 21·
155 119 206 146 eh.
229 119 289 146 192-
529 119 653 152 LIBER
681 119 831 153 XXXV.
868 119 962 154 CAP.
988 122 1041 155 34.
1070 121 1122 153 35.
1475 120 1530 162 57

108 235 158 262 ex
196 222 335 262 turmis
365 221 412 261 ad
443 227 594 273 portam
624 223 776 269 relicta,
808 235 856 262 ne
884 222 1034 262 excludi
1063 221 1308 273 subsequens
1338 223 1531 273 equitatus

112 284 255 330 posset,
286 278 411 317 media
431 277 528 317 urbe
551 290 593 316 ac
616 291 685 329 per
705 281 836 318 sorum
859 291 975 318 mauu
998 278 1413 330 Eurylochumteueus
1428 280 1529 317 mul-

110 335 157 374 tis
187 333 483 374 occurrentibus
514 335 870 385 gratulantibusque
898 335 1059 373 domum
1093 334 1262 373 deduxit.
1294 347 1385 373 mox
1417 336 1528 386 equi-
1554 340 1592 372 12

109 396 193 430 tum
215 391 328 442 plena
349 390 444 430 urbs
466 397 557 436 erat,
580 397 617 429 et
635 391 717 430 loca
738 398 957 442 opportuna
981 391 1290 441 occupabantur;
1313 391 1442 429 tumin
1457 391 1529 429 do-

61 480 63 482 ,
110 459 196 486 mos
217 447 336 493 missi,
364 447 430 497 qui
452 447 647 498 principes
670 448 852 486 adversae
877 447 1052 486 factionis
1071 447 1344 486 interficerent.
1381 448 1430 485 ita
1453 447 1528 486 De-

109 503 264 542 metrias
294 503 521 542 Aetolorum
555 505 579 541 Γ
579 510 650 542 icta
683 510 750 542 est.

221 559 512 598 Lacedaemone
554 571 634 598 nou
666 559 753 598 urbi
783 559 839 597 vis
869 558 1089 605 adserenda,
1120 559 1185 598 sed
1218 567 1408 598 tirannus
1439 559 1528 598 dolo
1549 573 1607 619 35

110 615 322 678 capiendus
352 621 443 661 erat,
475 627 592 678 quem
623 616 829 667 spoliatum
863 616 1062 654 maritimis
1086 615 1238 667 oppidis
1260 615 1305 654 ab
1329 616 1528 662 Romanis,
1548 624 1566 655 2

107 677 201 710 tunc
230 671 331 711 intra
356 672 507 710 moeni-1
540 672 653 711 etiam
683 672 984 710 Lacedaemonis
1015 672 1061 709 ah
1089 672 1250 710 Achaeis
1281 672 1530 723 compulsum

109 727 175 778 qui
205 734 433 779 occupasset
461 728 648 774 occidere,
679 740 768 766 eum
800 728 918 766 totius
950 728 1107 778 gratiam
1139 729 1194 766 rei
1214 728 1315 779 apud
1337 728 1530 767 Lacedae-

109 784 264 822 monios
294 784 476 823 laturum.
523 797 677 823 causam
702 784 875 823 mittendi
897 784 942 822 ad
964 797 1054 822 eum
1077 784 1310 830 habuerunt,
1343 785 1447 835 quod
1471 787 1529 823 fa-
1549 795 1567 825 3

107 839 248 890 tigabat
276 840 469 891 precibus,
501 847 543 879 ut
569 841 706 879 auxilia
729 840 813 886 sihi,
845 853 934 878 cum
955 841 1027 879 illis
1050 841 1273 879 auctoribus
1297 840 1528 886 rebellasset,

108 897 363 935 mitterentur.
419 897 522 936 mille
548 896 695 947 pedites
721 897 956 936 Alexameno
988 897 1063 936 dati
1090 904 1181 936 sunt
1211 904 1247 936 et
1276 897 1428 948 triginta
1460 897 1528 936 de·
1548 901 1569 931 4

106 952 192 991 lecti
216 965 260 991 ex
292 953 491 992 iuventute
522 953 681 1003 equites.
719 953 764 991 iis
793 966 811 991 a
844 960 1021 1003 praetore
1044 954 1264 993 Damocrito
1296 954 1335 991 in
1368 954 1528 992 consilio

107 1020 250 1047 arcano
273 1009 408 1060 gentis,
432 1009 478 1048 de
501 1022 578 1060 quo
603 1015 691 1048 ante
714 1009 857 1048 dictum
880 1016 947 1055 est,
972 1010 1231 1056 denuntiatur,
1254 1022 1302 1048 ne
1324 1022 1364 1048 se
1387 1010 1432 1048 ad
1445 1009 1528 1048 hel-
1549 1013 1568 1044 5

106 1065 189 1104 lum
210 1065 421 1104 Achaicum
442 1071 507 1104 aut
527 1078 609 1104 rem
632 1066 760 1111 ullam,
793 1077 909 1116 quam
931 1078 1000 1104 sua
1021 1067 1187 1117 quisque
1210 1066 1394 1116 opinione
1415 1078 1528 1116 prae-

107 1121 236 1172 cipere
257 1127 399 1172 posset,
431 1121 634 1160 crederent
654 1122 794 1161 missos
818 1134 922 1167 esse;
950 1123 1138 1173 quidquid
1164 1123 1445 1161 Alexamenum
1469 1135 1529 1161 res

107 1177 326 1217 monuisset
351 1177 466 1217 subiti
497 1178 647 1217 consilii
667 1191 816 1229 capere,
847 1179 893 1216 ad
923 1179 973 1224 id,
1005 1180 1182 1229 quamvis
1205 1180 1448 1229 inopinatum
1471 1186 1529 1218 te-

108 1234 319 1273 merarium
349 1234 484 1280 audax,
512 1234 762 1273 oboedienter
789 1235 1063 1285 exequendum
1086 1236 1206 1286 parati
1230 1242 1369 1281 essent,
1395 1248 1439 1274 ac
1459 1248 1530 1285 pro

108 1302 153 1328 eo
184 1290 416 1341 acciperent,
444 1297 642 1341 tamquam
663 1291 707 1329 ad
739 1291 775 1328 id
806 1303 931 1330 unum
963 1292 1156 1342 agendum
1180 1292 1319 1330 missos
1342 1291 1388 1329 ah
1413 1291 1530 1330 domo

110 1358 151 1384 se
175 1347 328 1385 scirent.
360 1359 448 1386 cum
473 1347 532 1385 his
552 1347 600 1386 ita
621 1348 853 1398 praeparatis
877 1348 1136 1386 Alexamenus
1159 1348 1202 1386 ad
1228 1354 1436 1398 tyrannum
1462 1360 1529 1385 ve-
1548 1354 1567 1386 6

108 1403 183 1448 nit,
227 1414 345 1453 quem
376 1403 586 1442 adveniens
614 1403 806 1454 extemplo
838 1404 920 1454 spei
951 1404 1143 1454 implevit:
1189 1404 1423 1443 Antiochum
1454 1398 1528 1442 iam
1549 1412 1568 1443 7

111 1548 155 1578 u„
172 1536 289 1568 mitten
306 1536 340 1568 in
359 1536 417 1568 der
436 1535 534 1568 stadt
551 1536 620 1575 hin,
647 1538 701 1572 26,
735 1538 786 1575 10,

111 1584 140 1615 1.
165 1600 208 1604 -
232 1584 378 1623 domum,
403 1582 486 1613 uach
511 1581 630 1621 Hause,
658 1582 690 1613 in
715 1582 783 1614 sein

108 1626 214 1668 Hans,
252 1628 369 1659 anders
401 1630 437 1659 in
468 1630 591 1666 domos,
631 1627 728 1666 (nach
755 1628 786 1660 d.

107 1673 220 1706 Bamb.
237 1672 292 1705 Hs.
310 1673 435 1713 domus)
462 1674 494 1714 3,
521 1674 574 1712 29,
603 1674 641 1712 ὃς
669 1675 723 1706 45.
755 1675 782 1712 1,

110 1719 161 1752 10.
181 1736 223 1741 -
241 1721 376 1759 Μίνω-8.,
403 1718 461 1750 der
485 1718 541 1750 des
558 1717 781 1760 Eurylochus,

109 1773 136 1795 c.
165 1765 219 1805 31,
246 1765 277 1804 6,
304 1764 356 1800 od.
382 1764 440 1796 der
464 1763 611 1796 Aetoler.

155 1828 334 1869 35—37.
364 1833 396 1866 3.
420 1831 623 1872 Ermordung
643 1831 698 1863 des
715 1831 786 1874 Ty-

108 1887 234 1909 raunen
270 1876 384 1910 Nabis.
433 1876 520 1910 Plut.
560 1876 687 1919 Philop.
727 1879 786 1921 155

110 1921 253 1957 Pausan.
278 1925 309 1963 S,
337 1926 390 1957 50,

155 1987 225 2027 35.
256 1992 353 2024 1—5.
382 1991 623 2029 Lacedaemone,
648 2001 688 2022 zu
712 1992 789 2023 urbi

108 2036 203 2068 nicht
225 2036 377 2078 passend,
404 2036 450 2068 ist
473 2035 716 2078 voi-angestellt
733 2047 786 2068 um

108 2091 143 2114 es
160 2083 340 2114 Demetrias
356 2081 553 2123 gegeniiber,
577 2093 608 2114 u.
632 2081 675 2113 im
691 2080 786 2123 Folg.

107 2128 186 2160 urbi
216 2138 249 2160 u.
280 2134 444 2168 tyrannus
467 2126 537 2159 sich
562 2130 785 2168 entgegenzu-

111 2172 244 2205 stenen.
308 2173 369 2205 Die
404 2172 598 2214 Erz'fihlung
632 2172 787 2204 schliesst

107 2228 151 2250 an
170 2228 197 2250 c.
217 2219 258 2252 30
277 2228 330 2252 an.
347 2237 391 2241 —
406 2220 530 2259 spoliat.
550 2235 594 2240 —
613 2221 762 2258 compuls.
776 2229 788 2251 .·

108 2263 268 2296 nas-hdem
291 2273 328 2295 er
351 2263 476 2296 bereits
506 2281 552 2286 —
575 2263 686 2303 wiire,
721 2274 785 2295 nun

109 2309 194 2341 auch
218 2309 313 2342 noch.
350 2309 417 2341 Das
438 2309 574 2341 verbum
594 2309 786 2340 declarandi

108 2354 155 2386 ist
179 2354 340 2386 hiernach
365 2354 457 2386 nicht
482 2355 565 2386 ohne
583 2353 686 2386 Harte
707 2364 784 2386 aus-

108 2400 273 2440 gehssen,
294 2399 385 2433 viell.
399 2398 624 2441 ausgefallen3
644 2399 786 2432 leichter

110 2444 197 2477 wird
209 2455 244 2477 es
254 2444 275 2487 ξ
287 2447 304 2478 7
321 2455 380 2477 aus
397 2447 465 2485 spei
481 2447 620 2485 implevit
635 2445 784 2485 erganzt.

109 2508 154 2512 —
181 2502 352 2531 oocupass„
379 2492 409 2527 2,
435 2492 490 2530 43,
517 2491 547 2523 2.
566 2509 609 2512 —
628 2493 785 2531 mittendi,

106 2534 258 2568 absolut:
283 2536 340 2568 ibn
358 2546 399 2568 zu
416 2535 623 2576 beschicken,
650 2537 704 2578 33,
729 2538 783 2576 35,

855 1539 892 1571 4:
922 1539 960 1573 5,
987 1539 1027 1573 S,
1057 1539 1107 1570 10.
1136 1555 1178 1559 —
1204 1548 1242 1569 ex
1264 1540 1343 1575 ima,
1370 1537 1453 1568 nach
1474 1539 1529 1568 rii-

854 1582 996 1614 mischer
1021 1582 1248 1623 Bezeichnuug
1273 1582 1324 1614 die
1349 1581 1477 1622 Ritter,
1503 1593 1530 1615 s.

855 1627 876 1668 ξ
910 1629 969 1667 163
997 1629 1033 1663 2,
1063 1629 1121 1667 12,
1151 1630 1203 1660 15.
1228 1646 1270 1650 -
1293 1630 1335 1660 2'2'3
1360 1639 1390 1661 n.
1416 1630 1531 1669 equiti-

854 1675 930 1706 bus.
971 1673 1013 1703 da
1053 1673 1105 1705 die
1137 1673 1323 1715 Apokleten
1357 1674 1419 1705 den
1449 1672 1530 1705 Plau

855 1717 1041 1750 entworfen
1066 1719 1192 1754 hatten,
1218 1729 1254 1749 so
1272 1722 1395 1750 musste
1416 1728 1452 1750 er
1470 1729 1532 1750 na-

853 1763 977 1795 tiirlich
1002 1764 1073 1795 dem
1089 1764 1266 1805 Strategen
1284 1764 1431 1796 bekannt
1450 1764 1531 1797 sein.

855 1826 900 1832 -—-
924 1821 1046 1847 arcem„
1072 1820 1098 1842 s.
1126 1819 1152 1841 e.
1178 1812 1232 1843 34.
1261 1811 1292 1842 2.
1318 1828 1361 1832 —
1386 1812 1530 1847 denum„

855 1854 1005 1886 feierlich
1049 1855 1266 1896 ankiindigen.
1301 1873 1344 1878 ——
1381 1858 1424 1887 ad
1461 1857 1529 1888 bell.

854 1902 950 1940 Aah„
989 1901 1050 1932 den
1075 1899 1178 1932 Nabis
1204 1900 1264 1931 mit
1289 1900 1350 1932 den
1375 1900 1531 1932 Achiiern

854 1945 976 1978 fiihrte.
1003 1963 1048 1968 —
1072 1957 1122 1985 op.
1144 1948 1298 1986 praecip,
1324 1946 1531 1978 vorausden-

854 1991 929 2031 ken,
957 1991 1027 2022 sich
1052 1991 1245 2025 verstellen,
1271 1991 1389 2023 anders
1416 1994 1447 2024 'i'-
1476 1993 1530 2033 26,

856 2038 886 2069 9.
907 2055 947 2059 -
967 2048 1030 2078 res,
1056 2036 1108 2068 die
1133 2036 1308 2077 Sachlage‚
1332 2036 1412 2070 Sall.
1430 2036 1455 2068 I.
1475 2039 1529 2075 47,

855 2083 894 2115 2:
932 2084 968 2114 id
1001 2084 1088 2123 qnod
1116 2093 1167 2114 res
1190 2083 1343 2114 monebat.
1376 2099 1416 2104 —
1442 2085 1530 2121 inop.

854 2134 976 2160 temer..
1017 2127 1232 2170 asyndetisch
1266 2138 1300 2160 11.
1337 2127 1531 2166 coordinirt,

856 2174 886 2213 3,
918 2175 1004 2212 9,-’1;
1031 2173 1149 2204 anders
1181 2175 1208 2206 1.
1237 2174 1290 2206 31,
1319 2175 1357 2212 ὃς
1387 2174 1418 2212 2,
1438 2174 1492 2213 53,
1512 2173 1531 2205 3

854 2229 886 2250 u.
922 2228 950 2249 a.
975 2236 1018 2241 -—
1043 2225 1205 2260 tamquam
1237 2218 1327 2250 steht
1360 2219 1442 2250 nach
1467 2229 1532 2258 pro

855 2275 900 2301 eo,
926 2263 990 2295 wie
1019 2267 1112 2295 sonst
1132 2271 1177 2303 ut,
1201 2275 1248 2303 ac,
1276 2275 1312 2296 ac
1339 2266 1379 2304 εἰ,
1410 2274 1436 2296 s.
1463 2263 1530 2296 Cic.

855 2309 927 2342 Cat.
965 2311 1004 2349 4,
1050 2311 1088 2348 2,
1133 2310 1170 2349 33
1209 2309 1247 2341 de
1289 2308 1359 2341 lnv.
1404 2310 1432 2349 1,
1476 2310 1530 2345 32,

856 2357 899 2388 54
934 2365 967 2387 u.
998 2364 1029 2387 a.
1054 2373 1097 2376 —
1121 2357 1256 2395 scirem,
1299 2354 1391 2386 nicht
1413 2354 1531 2386 anders

855 2400 1012 2432 wiissten.

901 2447 1000 2477 6-9.
1027 2457 1097 2477 eum
1122 2447 1183 2477 his.
1209 2445 1270 2477 den
1295 2444 1441 2483 Reitern,
1467 2443 1488 2486 ξ
1513 2447 1532 2479 8

855 2497 918 2523 toto
943 2502 966 2522 s.
993 2502 1039 2522 ex.
1064 2508 1110 2513 —
1133 2493 1314 2529 adveniens,
1340 2492 1394 2529 24,
1421 2491 1474 2528 35,
1500 2492 1531 2523 6.

856 2538 1073 2576 -εεττεηιρῖο,
1102 2539 1133 2577 7,
1160 2538 1214 2577 39,
1244 2538 1301 2576 153
1328 2538 1360 2577 9,
1375 2536 1430 2575 28,
1449 2538 1534 2569 1.-
