1747 2841
158 121 241 162 174
603 119 728 152 LIBER
753 117 934 152 XXXVII.
970 118 1061 152 CAP.
1090 121 1139 153 10.

113 234 133 265 6
154 224 244 263 cisci
275 236 393 275 quam
424 223 592 262 reditum
615 223 655 262 in
686 223 861 273 patriam.
907 223 1136 274 magnitudo
1166 222 1222 261 rei
1247 234 1319 261 neo
1343 228 1386 261 ut
1410 222 1586 262 crederet

153 293 225 319 neo
247 286 290 320 ut
310 286 584 331 aspernaretur
608 280 705 318 diota
727 279 864 318 effecit.
900 278 1172 318 Panhormum
1193 280 1342 318 Samiae
1366 284 1490 318 terrae
1509 291 1582 329 pe-

113 349 131 380 7
150 337 206 385 tit,
226 337 358 389 ibique
381 337 427 376 ad
449 336 725 387 explorandam
751 348 847 383 rem,
879 347 978 386 quae
1001 335 1125 375 oblata
1145 343 1238 383 erat,
1260 335 1440 375 substitit.
1482 336 1584 374 ultro

153 395 329 445 cinoque
351 394 476 432 nuntii
502 406 670 439 cursare,
696 405 767 431 nec·
789 393 884 431 fides
906 398 994 431 ante
1005 392 1242 432 Pausistrato
1267 395 1362 432 sacta
1376 398 1444 439 est,
1465 403 1583 442 quam

153 463 285 489 emam
306 451 445 489 nuntio
469 450 551 489 eius
562 449 821 501 Polyxenidas
837 461 906 488 sua
922 461 1041 487 manu
1057 449 1210 507 scripsit
1222 462 1263 488 se
1276 462 1330 496 ea,
1355 461 1454 499 quae
1466 449 1582 500 polli-

114 525 132 556 g
153 508 251 546 citus
281 514 393 546 esset
427 508 553 545 lactu}
556 520 622 546 um
655 507 847 557 signoque
869 518 942 544 suo
961 506 1172 556 impressas
1192 505 1348 545 tabellas
1370 506 1485 544 misit
1536 518 1582 544 eo

152 576 246 602 ve1o
277 564 441 614 pignole
462 563 567 602 velut
587 568 722 602 auotol
725 569 830 601 atum
852 561 925 601 sibi
947 562 1125 613 ploditol
1129 574 1191 600 em
1214 568 1320 602 ratus
1344 568 1421 601 est:
1453 574 1583 613 neque
1627 576 1632 580 ’

152 621 257 658 enim
278 632 382 667 eum,
395 620 460 670 qui
481 620 555 658 sub
577 632 667 671 rege
680 620 840 665 viveret,
861 619 1166 657 eonnnissurum
1179 619 1312 666 fuisse,
1334 625 1377 658 ut
1394 619 1583 658 adversus

112 695 131 727 9
153 682 275 715 semet
294 676 424 727 ipsum
446 676 588 715 indicia
610 689 728 715 manu
751 689 819 714 sua
839 681 971 714 testata
994 675 1112 714 daret.
1149 675 1241 714 inde
1263 676 1359 714 ratio
1383 675 1583 714 simulatae

151 733 384 784 proditionis
407 734 633 783 composita.
676 733 855 771 omnium
876 745 917 771 se
938 744 1071 770 rerum
1092 737 1320 783 apparatum
1341 732 1584 771 omissurum

149 789 409 841 Polyxenidas
433 790 581 836 dicere,
603 802 683 828 non
703 790 905 840 remigem,
927 800 1008 827 non
1033 789 1161 827 socios
1185 789 1329 827 navalis
1351 788 1398 827 ad
1420 789 1583 827 classem

90 859 130 891 10
150 846 366 897 frequentis
387 846 635 893 habiturum,
667 846 956 885 subducturum
978 857 1048 896 per
1071 845 1361 895 simulationem
1382 844 1583 884 reficiendi

151 903 339 954 quasdam
367 915 499 950 naves,
532 903 620 941 alias
641 903 681 941 in
703 903 950 953 propinquos
971 908 1109 952 portus
1132 902 1407 948 dimissurum,
1439 913 1581 952 paucas

149 966 236 998 ante
259 965 418 1010 portum
439 959 583 1010 Ephesi
603 959 643 997 in
665 960 743 998 salo
769 959 1006 1006 habiturum,
1034 971 1142 1009 quas,
1174 959 1206 997 si
1234 958 1339 997 exire
1369 971 1432 997 res
1464 970 1581 1009 coge-

89 1032 127 1064 11
149 1022 218 1063 ret,
245 1016 469 1055 obiecturus
493 1016 694 1055 certamini
718 1018 830 1055 foret.
863 1028 981 1066 quam
1004 1016 1286 1066 neglegentiam
1298 1015 1581 1067 Polyxenidam

147 1073 187 1111 in
221 1073 340 1112 classe
368 1085 437 1112 sua
460 1073 683 1112 habiturum
705 1072 964 1111 Pausistratus
986 1072 1143 1119 audivit,
1175 1085 1259 1111 eam
1281 1072 1364 1122 ipse
1387 1072 1580 1122 extemplo

146 1129 292 1168 habuit.
324 1136 473 1180 partem
493 1130 652 1168 navium
673 1130 719 1168 ad
733 1135 974 1168 commeatus
986 1129 1242 1168 accersendos
1255 1129 1581 1175 Halicarnassum,

147 1277 199 1315 54,
233 1276 251 1308 S
284 1286 314 1307 u.
345 1286 372 1306 o.
406 1292 451 1298 —
484 1286 538 1307 nee
566 1281 600 1307 ut
624 1293 666 1298 -—
699 1285 754 1306 nee
780 1281 825 1316 ut,

145 1321 214 1362 vgl.
249 1320 313 1352 Cic.
350 1321 419 1352 Att.
457 1322 495 1361 3,
529 1322 566 1354 6:
601 1327 628 1353 et
659 1327 695 1352 ut
717 1324 753 1352 in
782 1338 826 1342 —-

144 1369 382 1399 consisteremus
411 1385 448 1389 -
472 1373 500 1398 et
516 1384 559 1388 —-
577 1372 758 1405 uteremur,-
777 1364 827 1397 oft

144 1424 209 1444 non
232 1420 268 1445 m·
294 1430 333 1434 —
362 1415 417 1444 sed
439 1418 494 1452 ut;
536 1412 683 1453 dagegen
713 1418 748 1444 ut
772 1418 827 1444 auc

143 1465 254 1490 -aut
288 1460 318 1498 7,
348 1459 402 1498 30,
429 1459 484 1498 23,
511 1457 578 1499 vgl.
599 1459 653 1497 36,
685 1459 736 1499 16,
767 1459 825 1497 103

144 1514 216 1535 zum
241 1502 424 1536 Gedanken
464 1514 488 1535 5.
516 1505 579 1544 21,
621 1504 682 1543 34,
723 1506 753 1537 4.
783 1521 825 1525 -

142 1551 358 1582 Paozkormum
380 1551 411 1581 S.
436 1556 548 1589 terrae,
573 1559 598 1581 S.
626 1550 679 1585 36,
707 1551 762 1589 45,
793 1551 824 1589 7,

143 1595 273 1627 scheint
310 1595 344 1626 L.
382 1594 435 1626 fiir
468 1595 563 1627 einen
590 1594 652 1626 Ort
681 1593 742 1626 auf
767 1594 826 1626 der

143 1640 229 1672 Insel
255 1640 391 1682 Samus,
417 1651 458 1672 an
483 1641 583 1672 deren
609 1639 713 1671 Hiiste
739 1641 823 1671 auch

143 1687 227 1718 nach
257 1686 386 1728 Appian
417 1687 475 1718 der
500 1684 671 1718 Ueberfall
689 1684 823 1726 erfolgt,

142 1743 183 1764 zu
207 1732 333 1771 halten,
361 1731 497 1764 deshalb
528 1731 635 1763 heisst
664 1741 697 1763 os
722 1730 742 1772 ξ
764 1733 823 1764 11:

144 1779 275 1810 Samum
298 1780 342 1809 ad
358 1780 489 1815 urbem,·
507 1787 534 1809 c.
557 1779 608 1816 11,
638 1779 670 1810 1:
695 1778 824 1809 Samum

146 1842 186 1846 —
214 1826 382 1856 deducitur
408 1825 647 1861 Panhormum;
675 1821 696 1864 ξ
723 1825 761 1855 5:
788 1825 823 1854 in

134 1873 287 1909 proxima
326 1870 452 1901 Samiae
498 1875 602 1901 terrae
646 1871 823 1901 traiecit

141 1925 207 1947 von
242 1914 371 1958 Pygela
407 1925 459 1946 am
492 1913 599 1946 festen
625 1913 755 1955 Laude,
801 1912 822 1955 ξ

145 1962 203 1994 14:
228 1963 266 1992 ab
289 1962 381 1993 Samo
406 1978 451 1983 —
470 1961 684 2002 sumentibus.
728 1958 823 1991 Nach

141 2005 280 2038 Crevier
304 2017 334 2038 u.
366 2005 405 2038 A.
432 2006 525 2037 ware
544 2004 747 2037 Panhormus
769 2005 822 2037 ein

141 2051 244 2084 Hafen
284 2062 325 2083 an
365 2053 426 2083 der
468 2051 668 2083 asiatischen
703 2049 820 2091 Kiiste,

141 2098 200 2130 der
227 2098 288 2129 den
314 2097 463 2129 Samieru
489 2098 646 2138 geho'rte3
678 2096 780 2128 allein
795 2106 821 2128 c.

144 2145 194 2184 12,
228 2145 266 2176 11
297 2143 341 2175 ist
370 2143 414 2175 im
431 2142 613 2184 Vergleich
637 2142 697 2173 mit
722 2152 748 2173 o.
770 2143 823 2183 13,

143 2191 156 2222 1
195 2188 262 2220 wol
296 2190 380 2221 auch
415 2187 474 2220 aus
500 2188 552 2220 die
588 2188 675 2220 Insel
699 2198 739 2219 zu
763 2187 823 2219 be-

141 2234 276 2275 ziehen3
313 2245 339 2266 c.
367 2237 419 2275 13,
457 2237 478 2268 4
507 2234 552 2266 ist
571 2241 705 2274 portum
731 2233 824 2265 nicht

139 2281 244 2312 niiher
280 2280 490 2322 bszeichnetr,
535 2279 595 2312 auf
626 2281 684 2312 der
717 2277 822 2311 Hiiste

139 2326 221 2358 aber
244 2326 402 2358 besassen
427 2325 479 2357 die
497 2325 626 2358 Samier
651 2335 713 2357 nur
731 2323 822 2356 Nea-

136 2372 232 2414 polis,
267 2383 292 2404 s.
331 2371 452 2403 Strabo
482 2373 590 2411 14,1,
620 2373 707 2413 201)
738 2371 822 2403 639:

138 2415 158 2459 ἡ
189 2418 231 2451 δὲ
255 2415 434 2462 'quo‘twv
460 2418 632 2463 παοαλια·
653 2419 766 2471 μέρος
783 2416 828 2449 δέ

138 2475 173 2496 τι
194 2463 344 2506 ἔχουσιν
362 2464 421 2496 καὶ
442 2448 555 2517 αὐτῆς
577 2476 609 2496 οι
603 2460 775 2516 (Σάμιοι.
778 2479 822 2483 —

139 2507 216 2542 εἶτα
252 2507 459 2549 Νεάπολις,
490 2505 512 2550 ἢ
539 2505 724 2555 πρότερον
751 2507 823 2553 μὲν

137 2551 182 2596 ἦν
208 2551 387 2600 Ἐφεσιωῑ
421 2565 489 2589 νι]
516 2554 555 2588 δὲ
582 2556 753 2599 Σαιιίων.
778 2571 821 2575 -

897 1273 975 1307 εἶτα
1009 1270 1161 1326 Πίμλα
1189 1276 1387 1327 πολίχνιον
1422 1293 1467 1297 —
1502 1272 1580 1308 εἶτα

897 1318 1010 1365 λιαὴν
1030 1316 1235 1367 Πααόοιιος
1253 1316 1504 1365 καλουμενος;
1522 1320 1581 1352 der

895 1366 1056 1406 letztere,
1093 1351 1154 1397 de1
1189 1364 1293 1398 Hafen
1329 1376 1394 1398 von
1419 1365 1579 1408 Ephesus,

896 1411 983 1443 kann
1009 1411 1101 1442 nicht
1127 1412 1188 1443 den
1209 1411 1359 1444 Samiern
1379 1413 1499 1453 geho'rt
1516 1412 1579 1443 ha-

895 1457 978 1499 ben,
1008 1457 1074 1489 und
1111 1467 1145 1489 es
1170 1457 1214 1490 ist
1238 1458 1336 1489 kaurn
1361 1468 1401 1489 zu
1426 1457 1578 1499 glauben,

896 1503 972 1535 dass
1010 1502 1044 1534 in
1078 1502 1235 1544 geringer
1269 1501 1480 1544 Entfernung
1512 1513 1579 1535 von

896 1548 1083 1581 demselben
1107 1548 1159 1580 ein
1186 1547 1289 1581 Hafen
1319 1549 1490 1581 desselben
1507 1548 1578 1580 Na-

895 1604 986 1626 mens
1006 1604 1159 1635 gewesen
1181 1594 1240 1634 sei,
1269 1595 1430 1626 vielmehr
1449 1594 1578 1626 scheint

895 1641 1022 1672 Samiae
1049 1647 1152 1672 terrae
1179 1650 1220 1671 an
1240 1651 1271 1672 u.
1292 1640 1339 1672 St.
1360 1638 1580 1681 hinzugefiigt

894 1696 948 1717 um
978 1685 1030 1717 die
1047 1685 1347 1718 Verschiedenheit
1362 1686 1428 1717 und
1444 1684 1578 1717 Entfer-

895 1742 984 1772 nung
1009 1732 1065 1762 des
1091 1730 1165 1763 hier
1181 1735 1369 1772 genannten
1388 1741 1452 1763 von
1466 1730 1578 1772 jenem

894 1776 1082 1808 bekannten
1120 1777 1335 1809 anzudeuten.
1381 1794 1424 1799 —
1466 1779 1577 1817 suasa,

895 1823 969 1854 dass
1007 1832 1044 1854 er
1080 1822 1228 1854 daselbst
1260 1821 1446 1854 iiber-fallen
1478 1822 1576 1863 wird,

894 1868 984 1909 zeigt
1019 1869 1248 1908 c.11,1.—-
1269 1880 1329 1900 sua
1352 1880 1407 1909 m„
1431 1868 1577 1901 ἐπιστο-

895 1912 962 1955 λὴπ
993 1910 1111 1956 αυτό)
1113 1926 1245 1965 ραφον.
1277 1932 1319 1936 -
1340 1920 1470 1954 aneton,
1496 1923 1576 1945 ver-

894 1958 1577 2010 dungen‚inseine1·Gewalt,vex-pilich-

892 2009 944 2036 tet
970 2004 1040 2036 sein
1068 2004 1297 2047 &eisprechen
1322 2016 1363 2037 zu
1387 2005 1512 2037 halten.
1531 2022 1578 2028 --

894 2052 951 2082 sub
974 2062 1055 2092 reye,
1089 2050 1160 2082 also
1190 2061 1273 2091 ganz
1302 2051 1335 2082 in
1360 2051 1477 2083 dessen
1508 2049 1586 2082 Ge-·

893 2096 980 2127 walt
1005 2096 1108 2133 stehe,
1151 2096 1210 2128 der
1234 2095 1398 2128 Feldherr
1425 2096 1458 2127 iu
1483 2096 1577 2128 einer

894 2141 1058 2183 Republik
1094 2142 1189 2173 hatte
1219 2143 1311 2174 mehr
1341 2141 1504 2175 Freiheit.
1530 2160 1576 2165 —

893 2192 1015 2223 testata,
1042 2188 1095 2225 26,
1122 2188 1176 2228 24,
1210 2189 1270 2224 14„

942 2234 1064 2265 9—12.
1088 2236 1173 2265 ratio
1193 2237 1269 2273 ete„
1297 2243 1322 2264 5.
1342 2234 1396 2273 22,
1419 2233 1473 2274 22,
1498 2233 1538 2266 16
1551 2230 1574 2264 f.

893 2296 938 2301 -—-
964 2281 1007 2310 ad
1030 2281 1079 2319 eL,
1109 2278 1174 2319 bei,
1207 2278 1268 2310 auf
1290 2279 1348 2311 der
1367 2277 1492 2319 Flotte‚
1518 2280 1573 2318 44,

896 2325 949 2363 35,
981 2326 1031 2357 15.
1059 2342 1102 2347 —
1131 2336 1182 2357 res
1200 2343 1244 2348 —-
1269 2336 1345 2367 coy„
1372 2334 1469 2356 wenn
1486 2322 1574 2355 Pau-

893 2370 965 2403 sist.
1000 2370 1104 2401 heran
1140 2371 1258 2411 kame,
1302 2370 1405 2401 wolle
1437 2379 1474 2401 er
1499 2379 1573 2400 zum

893 2415 1035 2447 Scheine
1061 2417 1122 2448 den
1141 2415 1245 2448 Hafeu
1269 2415 1514 2456 vertheidigen.
1529 2432 1574 2438 -—

893 2463 1032 2494 habitur.
1061 2480 1104 2484 —-
1129 2463 1260 2504 habuit,
1286 2463 1318 2504 2,
1349 2462 1402 2500 59,
1430 2462 1464 2493 1:
1490 2462 1574 2492 idem

894 2513 1049 2540 certamen
1074 2510 1255 2540 animorum
1279 2509 1464 2539 habiturum
1481 2517 1573 2538 exer-

893 2556 987 2586 citum
997 2564 1012 2592 ,·
1039 2555 1092 2594 42,
1113 2555 1143 2594 9,
1170 2555 1204 2586 1:
1221 2555 1379 2594 ferociam
1396 2553 1572 2584 habuit.—

1433 125 1459 145 α.
1478 126 1508 146 ιι.
1526 118 1590 147 564.
