1747 2841
235 135 320 178 282
659 135 785 168 LIBER
801 135 995 169 xxxviii.
1021 135 1113 168 CAP.
1132 138 1181 171 ιο.
1200 138 1251 170 11.
1509 143 1536 162 ι.
1556 143 1586 163 u·
1605 134 1667 163 56⁵-

238 240 355 279 simul
377 251 466 279 cum
489 240 535 278 iis
557 240 881 291 proficisceretur,
911 239 951 278 C.
975 239 1124 278 Valerio
1156 242 1273 279 fratre
1297 240 1440 291 ipsein
1463 240 1665 291 Cephalla-

198 298 218 330 3
237 297 342 336 niam
363 297 520 336 traiecit.
564 302 865 348 praeoccupatas
887 295 991 334 auris
1011 296 1243 348 animosque
1261 296 1487 348 principum
1517 297 1666 336 Romae

238 353 468 392 criminibus
491 353 658 404 Philippi
678 354 933 399 invenerunt,
959 352 1027 403 qui
1046 365 1117 403 per
1137 353 1280 404 legatos
1293 384 1302 400 ,
1324 365 1395 404 per
1418 353 1560 392 litteras
1580 353 1664 393 D'oa

239 411 348 462 lopas
358 410 719 461 Amphilochosque
740 415 777 448 et
787 409 1058 448 Athamaniam
1079 416 1230 460 ereptas
1251 410 1323 449 sibi
1343 422 1526 461 querens,
1548 422 1666 461 prae·

237 467 411 517 sidiaque
438 479 518 513 sua,
549 472 749 517 postremo
770 466 894 505 filium
915 465 1028 504 etiam
1049 465 1190 505 Persea
1211 479 1258 505 ex
1279 467 1548 517 Amphilochis
1572 467 1664 518 pul-

196 535 219 567 4
237 536 348 571 sum,
379 529 568 562 averterat
597 529 774 562 senatum
803 523 850 561 ab
879 522 1082 561 audiendis
1112 523 1295 573 precibus
1324 536 1475 562 eorum.
1522 523 1665 563 Rhodii

237 586 367 619 tamen
399 585 436 618 et
456 580 712 619 Athenienses
743 592 834 618 cum
861 579 1013 618 silentio
1045 579 1165 618 auditi
1186 586 1289 619 sunt.
1338 580 1584 620 Atheniensis
1605 575 1663 619 Ie-

199 650 218 680 5
238 643 347 688 gatus
368 637 478 675 Leon
501 637 673 676 Hicesiae
702 637 804 675 filius
833 636 1055 687 eloquentia
1076 636 1189 675 etiarn
1213 636 1353 675 dicitur
1372 637 1563 683 movisse;
1595 637 1664 688 qui

237 694 389 745 vulgata
410 693 670 740 similitudine,
691 694 787 732 mari
808 693 1028 744 tranquill0‚
1051 693 1157 743 quod
1170 694 1294 732 ventis
1307 694 1577 740 concitaretur,
1597 706 1664 732 ae-

236 751 480 801 quiperando
511 750 799 789 multitudinem
823 750 1073 796 Aetolorum,
1101 762 1215 797 usus,
1245 750 1396 788 cumin
1420 751 1495 789 fide
1516 751 1664 789 Roma-

236 820 309 846 nae
343 808 534 846 societatis
567 807 821 854 mansissent,
850 807 963 845 insita
985 807 1108 857 gentis
1128 807 1400 857 tranquillitate
1422 807 1576 858 quiesse
1597 818 1664 845 eos

198 871 217 903 6
237 864 377 911 aiebat3
408 870 616 915 postquam
641 864 733 903 flare
754 864 799 903 ab
823 864 912 902 Asia
933 863 1063 902 Thoas
1087 869 1123 902 et
1144 864 1413 909 Dicaearchus,
1439 863 1486 902 ab
1507 863 1665 914 Europa

239 922 432 960 Menestas
454 926 491 960 et
508 921 752 960 Damocritus
775 921 1005 971 coepissent,
1026 926 1110 959 tum
1131 920 1234 959 illam
1256 926 1522 971 tempestatem
1548 932 1663 959 coor-

160 973 214 1013 11
237 985 327 1025 tam,
350 990 448 1029 quae
471 978 517 1016 ad
530 978 767 1016 Antiochum
791 990 857 1016 eos
879 978 991 1016 sicuti
1011 977 1052 1016 in
1068 977 1275 1028 scopulum
1289 977 1492 1016 intulisset.
1518 977 1592 1016 Diu
1606 976 1664 1015 ia-

236 1035 323 1074 ctati
343 1035 467 1074 Aetoli
490 1035 658 1081 tandem,
689 1041 731 1073 ut
751 1034 1002 1073 condiciones
1021 1034 1126 1085 pacis
1148 1034 1416 1080 convenirent,
1439 1034 1666 1073 effecerunt.

285 1205 384 1237 3-6.
412 1214 565 1243 prumea,
600 1203 654 1242 29,
690 1204 745 1242 22,
781 1205 822 1243 73
860 1203 914 1243 42,

239 1252 291 1290 14,
326 1251 364 1282 2:
396 1251 637 1289 praeoccupatis
677 1259 742 1280 non
781 1251 916 1281 auribus

235 1298 337 1338 mayis
362 1306 456 1336 quam
482 1297 609 1326 animis.
631 1312 673 1316 ——
688 1305 748 1333 per
771 1296 839 1336 leq,
855 1306 916 1334 per

236 1344 293 1381 lit„
315 1339 836 1383 nachdriicklichesAsyudeton:
860 1338 920 1371 auf

234 1387 311 1428 jede
328 1386 455 1425 W‘eise,
471 1388 502 1426 2,
523 1387 577 1427 32,
596 1388 633 1419 7:
654 1397 715 1425 per
735 1397 843 1426 aequa,
857 1397 916 1425 per

236 1435 374 1474 iniqui&
390 1433 422 1473 9,
443 1433 495 1471 39,
517 1434 553 1465 δε
571 1443 634 1471 per
650 1443 752 1473 arma,
766 1443 827 1471 per
843 1443 915 1463 cor-

229 1489 332 1519 pora,
352 1480 403 1518 10,
426 1479 477 1517 19,
493 1479 535 1510 22
555 1489 586 1509 u.
608 1488 637 1510 a.
659 1496 702 1500 —
720 1484 840 1516 ereptas
858 1478 916 1508 hat

237 1524 308 1556 sich
324 1525 403 1555 hart
420 1533 482 1555 nur
494 1523 536 1554 im
551 1522 661 1555 Genus
683 1534 723 1554 an
742 1524 800 1555 das
812 1523 915 1555 letztc

241 1570 342 1602 VVort
361 1570 627 1610 augeschlossen,
656 1568 749 1602 viell.
768 1569 813 1601 ist
832 1570 917 1600 nach

234 1615 399 1657 jiingeren
416 1614 487 1647 Hss.
517 1622 632 1655 erepta,
659 1626 684 1647 5.
711 1617 766 1655 40,
796 1618 846 1655 10,
874 1616 915 1647 6:

236 1673 338 1704 reqem
372 1672 566 1703 reynuquce
606 1678 649 1683 —
685 1672 743 1692 sua
774 1662 916 1702 futura,

237 1709 292 1748 44,
328 1710 381 1746 24,
411 1709 441 1747 2,
475 1707 554 1738 oder
579 1714 715 1747 ereptam
740 1717 780 1738 zu
806 1707 915 1744 lesen,

236 1763 298 1785 nur
314 1753 450 1784 {thulieh
467 1764 498 1784 u.
518 1752 567 1783 St.
593 1752 636 1784 ist
655 1755 685 1787 5,
707 1754 759 1793 15,
793 1754 850 1786 13:
876 1755 916 1784 Ze-

233 1806 322 1840 yacos
364 1806 523 1839 sortesque
569 1801 797 1838 expectandus,-
847 1797 914 1829 Cic.

988 1203 1166 1244 gleichung
1193 1205 1224 1243 5,
1250 1204 1304 1244 23,
1327 1204 1357 1242 6,
1382 1202 1450 1243 vgl.
1472 1203 1504 1245 2,
1531 1203 1585 1242 32,
1607 1203 1666 1242 12;

986 1250 1044 1281 das
1071 1248 1213 1281 Gerund.
1248 1248 1293 1280 ist
1325 1248 1474 1291 Apposit.
1508 1259 1549 1280 zu
1573 1250 1666 1280 eimi-

985 1297 1130 1334 lz'tudine,
1163 1305 1188 1326 s.
1225 1295 1280 1330 21,
1315 1297 1345 1333 4,
1383 1296 1412 1327 3.
1440 1312 1485 1316 —-
1514 1305 1595 1332 eum,
1633 1294 1668 1325 in

986 1341 1044 1372 der
1068 1340 1154 1381 Zeit,
1180 1339 1214 1371 in
1241 1340 1399 1380 welcher,
1431 1350 1468 1371 so
1500 1339 1610 1381 lange,
1638 1349 1666 1371 c.

987 1388 1041 1426 22,
1058 1388 1095 1419 6;
1114 1397 1184 1418 cum
1200 1392 1314 1425 staret3
1329 1385 1396 1417 Cic.
1418 1385 1490 1417 Cat.
1510 1386 1541 1426 3,
1556 1387 1587 1426 ’7,
1605 1386 1665 1418 17:

985 1443 1087 1473 mque
1111 1443 1164 1465 vos
1184 1443 1346 1474 umquam,
1372 1443 1442 1464 cum
1468 1433 1521 1463 ille
1537 1433 1572 1462 in
1591 1432 1669 1463 urbe

985 1480 1083 1510 hostis
1123 1484 1201 1510 esset
1239 1495 1283 1500 -
1324 1479 1559 1517 lffieraesemus,
1599 1476 1668 1517 vgl.

986 1526 1040 1564 35,
1073 1525 1127 1565 36,
1155 1526 1192 1563 73
1220 1524 1274 1563 42,
1302 1525 1356 1562 64,
1384 1525 1422 1566 1;
1448 1523 1528 1555 oder
1547 1532 1581 1554 es
1606 1521 1668 1554 ist:

984 1570 1017 1601 in
1048 1570 1112 1601 und
1137 1570 1197 1601 mit
1224 1570 1296 1601 dem
1323 1569 1398 1600 dass
1431 1568 1479 1600 sie
1513 1579 1545 1600 u.
1572 1578 1599 1599 s.
1624 1577 1666 1600 W.

986 1616 1017 1647 in
1058 1619 1142 1647 orat.
1173 1619 1275 1648 rect.:
1309 1627 1380 1647 eum
1411 1633 1452 1637 —
1481 1619 1669 1646 manserunt

986 1680 1029 1684 —
1057 1664 1266 1702 quieverecn85
1307 1660 1407 1693 Gron.
1449 1669 1550 1692 verm.
1590 1661 1667 1692 dum

986 1726 1029 1729 -—
1047 1710 1254 1748 mansissent,
1282 1706 1370 1738 Pol.:
1394 1703 1460 1744 ἕως
1479 1705 1550 1760 μὲν
1569 1701 1666 1745 ἦσαν

987 1750 1161 1799 ἀκέραιοι,
1194 1750 1349 1786 πάντων
1382 1753 1452 1784 τών
1486 1748 1668 1793 Ελλήνων

987 1796 1149 1845 ὑπῆρχον
1184 1796 1274 1844 ὑμῖν
1316 1794 1566 1837 εὐνούστατοι,
1604 1797 1665 1828 be·-

236 1843 322 1876 Phil.
349 1845 379 1885 5,
406 1846 436 1885 4,
462 1845 518 1877 12:
541 1847 656 1884 populi
670 1846 917 1885 provinciaeque

237 1892 393 1923 liberatae.
421 1909 465 1912 -
485 1892 639 1930 praeest,
666 1900 692 1921 c.
720 1893 758 1930 23
784 1888 916 1921 einfach

237 1934 372 1979 Polyb.:
396 1933 529 1971 ἀδίκως
552 1934 623 1968 ιγ’-πὸ
643 1936 715 1968 τῶν
733 1935 915 1969 Αἰτωλῶν

235 1980 456 2029 ἀφῃρῆσθαι
489 1979 555 2022 τὴν
577 1979 810 2026 Ἀθαμανίαν
837 1985 913 2021 etc„

238 2038 301 2059 von
340 2027 376 2059 L.
417 2027 702 2068 ausgeschmiickt.
738 2046 774 2051 —
815 2029 914 2065 Leon,

236 2074 294 2106 der
319 2072 433 2113 Name,
462 2073 526 2105 wie
553 2074 607 2113 35,
634 2076 687 2115 50,
713 2075 744 2114 4,
770 2073 817 2104 ist
847 2072 915 2103 wol

235 2119 422 2152 verdorbcn
458 2119 511 2150 bei
531 2118 601 2150 Pol.
628 2128 656 2150 c.
689 2120 743 2159 31,
781 2120 820 2152 6:
853 2120 914 2150 καὶ

235 2162 308 2211 γὰρ
343 2161 462 2198 ἐδόκει
481 2166 605 2211 Δᾶμις
621 2167 797 2208 κιχησίων
822 2161 914 2197 ἄλλα

234 2221 272 2244 τε
307 2212 425 2248 καλῶς
457 2212 575 2244 εἰπεῖν
606 2213 667 2243 καὶ
703 2210 914 2256 παραδείγ-

234 2269 325 2302 ματι
351 2255 443 2303 πρὸς
467 2255 507 2289 τὸ
535 2255 658 2302 παρὸν
683 2258 804 2299 οἰκείῳ
827 2253 915 2302 χρή-

235 2305 385 2342 σασθαι,
412 2302 482 2334 Pol.
500 2301 593 2334 fiihrt
617 2303 701 2334 auch
722 2303 784 2334 den
802 2306 913 2334 ersten

233 2347 332 2380 'rheil
365 2349 423 2380 der
454 2348 543 2380 Rede
576 2358 646 2388 aus,
679 2347 716 2380 L.
757 2358 821 2380 nur
854 2348 913 2379 das

236 2393 432 2426 Gleichniss.
474 2412 518 2416 —-
543 2397 681 2436 vulqata,
713 2405 738 2426 5.
773 2395 828 2434 28,
858 2395 913 2434 27,

237 2442 288 2474 11.
313 2458 357 2462 -
381 2442 467 2472 mari
490 2445 608 2481 tranq„
643 2441 698 2480 31,
732 2441 788 2480 23,
813 2442 844 2474 4.
869 2457 914 2462 -

233 2488 403 2527 aequz'per„
443 2486 500 2517 das
545 2485 648 2518 VVort
696 2485 796 2517 findet
844 2484 914 2517 sich

234 2532 330 2563 mehr
352 2531 407 2564 bei
427 2529 566 2564 Plautus
582 2541 619 2563 so
635 2531 837 2573 gebraucht3
857 2531 915 2563 der

236 2576 337 2608 Dativ
379 2577 412 2608 in
453 2576 546 2609 einer
584 2577 785 2609 verkiirzten
826 2576 914 2609 Ver—

985 1844 1138 1877 zeichnet
1163 1845 1224 1876 den
1250 1843 1438 1885 Gegensatz
1474 1854 1547 1875 zum
1570 1842 1666 1884 Folg.

985 1890 1182 1922 deutlicher.
1208 1909 1251 1912 —
1283 1892 1396 1932 qemi&
1434 1891 1489 1930 28,
1537 1890 1592 1929 24,
1628 1890 1666 1922 1:

985 1939 1082 1968 insita
1113 1938 1277 1968 hominum
1309 1937 1450 1968 libidine.
1483 1953 1527 1958 —-
1562 1936 1667 1967 Thoas

984 1989 1013 2014 et
1042 1984 1097 2020 D„
1123 1983 1176 2022 35,
1216 1984 1276 2021 12;
1302 1983 1356 2021 36,
1382 1982 1435 2014 26.
1467 1999 1504 2004 -
1529 1981 1666 2014 Mene-rt.

983 2035 1012 2061 et
1035 2030 1143 2067 Bam„
1171 2029 1225 2067 36,
1260 2028 1323 2069 283
1359 2028 1414 2067 37,
1447 2029 1501 2061 46.
1528 2044 1572 2061 ›-.
1595 2033 1665 2059 tum

983 2077 1071 2106 illam
1108 2078 1183 2113 etc„
1228 2072 1366 2116 Polyhs
1416 2069 1666 2115 συνετάραξαν

983 2117 1070 2157 τοὺς
1111 2116 1249 2162 ὄχλους
1285 2121 1347 2151 καὶ
1397 2116 1499 2165 παρὰ
1552 2116 1667 2163 φύσιν

983 2162 1201 2218 ἠνάγκασαν
1234 2166 1312 2198 πᾶν
1350 2165 1413 2200 καὶ
1452 2166 1571 2206 λέγειν
1603 2164 1666 2196 καὶ

985 2222 1181 2258 figuntur,
1215 2210 1251 2242 L.
1284 2212 1344 2242 hat
1375 2211 1438 2242 den
1475 2209 1665 2251 Gegensatz

985 2268 1026 2288 zu
1070 2259 1167 2289 insita
1216 2254 1441 2297 ausgegeben,v
1484 2256 1565 2288 aber
1606 2255 1665 2287 das

986 2302 1173 2335 Gleichuiss
1194 2301 1315 2334 weiter
1340 2300 1549 2344 ausgefiihrt,
1577 2312 1602 2333 s.
1633 2302 1664 2341 6,

1034 2437 1101 2476 11.
1138 2441 1235 2473 1—3.
1271 2441 1387 2480 iactati,
1421 2436 1663 2479 umhergetrie-

984 2485 1058 2526 ben,
1072 2486 1248 2525 bestiirmt,
1269 2484 1302 2516 in
1316 2485 1425 2526 Bezug
1444 2482 1504 2516 auf
1513 2484 1571 2515 das
1584 2493 1665 2514 vor-

984 2532 1120 2572 hergch.
1164 2530 1371 2572 Gleichniss,
1416 2529 1568 2571 obglcich
1611 2527 1664 2562 die

986 2577 1198 2618 driingenden
1233 2575 1366 2617 Fragen
1400 2575 1458 2608 der
1480 2574 1665 2607 Senator-en
