1747 2841
136 103 163 124 ι.
183 95 233 124 Ch.
251 95 311 124 187.
590 96 715 130 LIBER
732 96 927 130 XXXVIII.
953 95 1045 129 CAP.
1072 99 1124 133 57.

1478 96 1561 140 383

138 201 228 248 sint,
257 199 488 246 Gracchum,
515 211 604 239 cum
636 198 679 238 L.
702 199 829 251 Scipio
859 199 899 239 in
928 198 1079 238 vincula
1105 199 1324 246 duceretur,
1354 211 1427 239 nec
1452 200 1562 252 quis·-

139 269 257 308 quam
289 256 522 308 collegarum
552 255 693 295 auxilio
722 261 834 302 esset,
862 256 1011 294 iurasse
1032 255 1104 294 sibi
1126 256 1342 296 inimicitias
1363 269 1452 295 cum
1477 257 1562 297 Sci·
1579 263 1603 298 4

138 313 335 366 pionibus,
355 324 454 364 quae
474 312 651 359 fuissent,
673 324 842 358 manere,
865 324 937 352 nec
957 324 997 351 se
1023 312 1163 363 gratiae
1185 312 1428 363 quaerendae
1449 326 1564 353 causa

139 370 348 421 quicquam
365 370 502 415 facere,
524 369 603 415 sed,
625 381 665 408 in
682 380 798 419 quem
818 380 1012 407 carcerem
1034 381 1143 420 reges
1164 376 1200 408 et
1219 370 1471 421 imperatores
1489 370 1563 408 ho-

112 434 116 438 '
139 426 256 467 stium
278 425 484 465 ducentem
510 425 666 465 vidisset
694 426 736 464 P.
764 425 1002 471 Africanum,
1032 425 1072 463 in
1104 438 1195 464 eum
1224 439 1264 465 se
1294 428 1451 466 fratrem
1480 427 1563 466 eius

139 483 229 522 duci
250 493 331 521 non
352 493 573 532 passurum.
616 488 793 521 senatum
817 494 862 520 eo
885 481 945 520 die
966 483 1065 520 sorte
1088 481 1126 519 in
1149 482 1334 533 Capitolio
1358 488 1561 522 cenantem
1583 489 1601 521 5

139 538 433 578 consurrexisse
456 545 493 577 et
513 539 666 590 petisse,
687 544 730 577 ut
748 538 848 577 inter
869 537 1001 589 epulas
1024 538 1197 576 Graccho
1216 539 1329 578 filiam
1353 539 1560 578 Africanus

139 594 412 646 desponderet.
443 595 586 646 quibus
608 595 656 634 ita
678 595 778 634 inter
799 594 998 646 publicum
1021 594 1209 633 sollemne
1224 595 1469 646 sponsalibus
1491 596 1562 635 rite
1581 597 1601 629 6

137 651 245 691 sactis
266 663 356 691 cum
383 664 424 691 se
451 652 614 691 domum
645 651 863 703 recepisset,
893 651 1114 702 Scipionem
1145 652 1326 691 Aemiliae
1358 653 1470 691 uxori
1501 652 1561 691 di-

137 707 239 748 xisse
260 708 375 748 filiam
393 720 434 747 se
456 709 649 747 minorem
674 707 940 759 despondisse.
980 719 1070 746 cum
1099 707 1172 753 illa,
1198 708 1435 748 muliebriter
1455 709 1559 748 indi·
1580 708 1599 740 7

139 764 346 816 gnabunda
372 765 467 803 nihil
494 765 541 804 de
569 764 769 805 communi
798 764 873 803 filia
898 775 1032 803 secum
1063 765 1334 812 consultatum,
1363 765 1563 804 adiecisset

136 833 230 868 non,
245 821 276 860 si
291 821 348 861 Ti.
365 821 539 861 Graccho
561 821 679 868 daret,
699 827 897 872 expertem
919 820 1068 859 consilii
1090 820 1270 860 debuisse
1286 827 1448 860 matrem
1465 834 1560 869 esse,

134 877 278 918 laetum
291 878 512 930 Scipionem
533 884 610 917 tam
631 877 816 917 concordi
836 877 978 917 iudicio
1000 877 1032 915 ei
1052 877 1124 928 ipsi
1138 877 1374 929 desponsam
1392 890 1560 929 respon-
1580 886 1600 919 8

136 934 250 974 disse.
288 934 382 974 haec
414 935 461 974 de
492 940 596 973 tanto
627 934 710 973 viro
742 946 859 985 quam
890 939 926 972 et
955 933 1208 985 opinionibus
1239 940 1277 974 et
1295 935 1560 974 monumentis

134 989 349 1030 litterarum
381 991 584 1037 variarent,
613 990 868 1042 proponenda
899 996 1018 1029 erant.
1115 996 1120 1000 '

135 1112 198 1145 Dio
224 1112 314 1145 Cass.
341 1111 402 1154 frg.
427 1115 480 1147 65.
505 1131 549 1136 —-
574 1115 727 1151 duceret„
755 1123 814 1154 ge-

135 1157 229 1191 fiihrt
246 1159 378 1191 werden
396 1158 507 1198 sollte,
530 1170 555 1191 s.
581 1169 606 1191 c.
627 1160 688 1200 6ος
715 1161 768 1196 58,
783 1161 814 1192 4.

183 1205 282 1239 4-8.
314 1207 471 1245 inimicit„
497 1215 522 1236 s.
549 1204 601 1236 die
625 1203 646 1246 ξ
667 1205 686 1237 3
713 1214 814 1246 ange-

137 1248 271 1282 fiihrten
296 1249 444 1291 Stellen;
470 1260 496 1281 c.
524 1251 577 1288 52,
609 1253 649 1291 93
683 1249 749 1281 Cic.
775 1250 813 1282 de

136 1305 230 1338 prov.
257 1306 344 1328 cons.
371 1296 402 1337 8,
431 1297 489 1329 18:
525 1298 763 1327 inimicissimus
788 1302 815 1328 ec

136 1344 239 1382 ipsius
260 1339 383 1382 (Lucii)
415 1348 443 1374 ec
468 1342 595 1382 fratris
624 1344 691 1373 eius
715 1342 814 1381 Afri-

137 1390 210 1419 cani
235 1391 320 1429 etc.;
354 1387 408 1427 37,
445 1389 463 1420 7
489 1387 619 1419 scheint
644 1385 813 1419 Gracchus

138 1433 222 1464 noch
246 1432 279 1464 in
305 1436 416 1474 gutem
441 1431 654 1464 Verh'altniss
681 1443 720 1464 zu
753 1432 813 1464 den

137 1477 312 1520 Scipionen
336 1488 375 1509 zu
401 1478 526 1510 stehen.
552 1495 595 1500 —-
619 1489 711 1519 quem
739 1482 813 1518 etc„

137 1523 219 1555 eben
245 1534 281 1556 so
307 1523 391 1554 wird
419 1523 472 1556 die
498 1522 718 1556 Intercession
742 1534 813 1555 mo-

136 1569 236 1601 tivirt
261 1569 314 1601 bei
330 1568 399 1603 Cic.
419 1568 440 1600 l.
461 1569 483 1601 1.
509 1581 539 1601 u.
562 1568 701 1608 Gellius,
718 1579 813 1601 weun

136 1615 221 1646 auch
245 1614 298 1647 die
322 1614 474 1654 Decrete,
510 1614 560 1647 die
596 1615 704 1647 dieser
731 1616 814 1647 nach

136 1659 246 1703 Nepos
299 1658 460 1700 anfiihrt,
507 1660 707 1701 wenigstens
756 1661 814 1693 der

136 1704 236 1738 Form
260 1706 345 1737 nach
369 1705 460 1737 nicht
477 1706 556 1738 ‘a'cht
580 1706 649 1738 sein
671 1707 811 1746 konnen,

136 1751 178 1783 da
202 1751 250 1783 sie
280 1760 383 1792 gegen
417 1751 469 1783 die
498 1751 585 1783 Sitte
617 1751 714 1792 jener·
739 1751 812 1783 ⁷⁶it

137 1796 190 1828 die
212 1796 389 1839 Zunamen,
424 1797 490 1829 und
524 1807 616 1828 zwar
653 1807 716 1828 von
751 1796 812 1829 den

137 1840 304 1874 Personen
317 1841 422 1874 selbst
434 1852 700 1884 angenommene,
718 1842 811 1874 Afri-

137 1897 237 1920 canus
268 1898 300 1920 u.
334 1887 535 1928 Asiatiacus,
571 1888 677 1921 dieses
712 1889 812 1920 iiber-

137 1933 206 1966 dies
233 1937 319 1965 statt
345 1933 401 1966 des
439 1932 592 1966 friiheren
626 1936 812 1976 Aeiayenes,

139 1980 194 2018 39,
221 1981 275 2018 44,
306 1981 334 2020 1,
362 1990 394 2010 u.
430 1979 567 2012 anderes
603 1979 810 2022 Uupassende

139 2024 324 2066 euthalten‚
342 2024 475 2057 Hermes
493 2027 521 2065 1,
543 2027 616 2059 161.
631 2037 810 2066 -carcer.,

137 2080 163 2102 c.
189 2070 242 2109 59,
283 2072 340 2104 10:
379 2072 413 2102 in
447 2072 576 2114 robore3
616 2072 669 2112 60,
709 2073 739 2105 6.
777 2089 810 2094 -

137 2117 270 2155 ducent„
307 2116 391 2147 nach
432 2116 642 2158 Beeudiguug
684 2117 741 2149 des
779 2119 810 2150 2.

135 2161 315 2201 punischen
337 2159 495 2205 Rrieges;
521 2161 690 2196 Gracchus
716 2163 810 2195 hatte

138 2207 200 2239 den
251 2205 409 2250 Triumph
459 2207 510 2239 als
554 2206 667 2241 Knabe
709 2209 810 2241 sehen

135 2251 276 2291 konnen,
311 2252 377 2292 ygl.
411 2262 437 2284 c.
471 2255 525 2294 60,
558 2255 587 2286 6.
620 2272 665 2278 —
689 2261 810 2287 cenant.

135 2300 172 2331 in
195 2300 240 2339 C.,
265 2296 302 2332 θ’
328 2319 350 2330 Δ.
376 2297 397 2329 l.
422 2297 462 2330 l.:
498 2310 568 2331 cum
602 2317 645 2322 -—
669 2302 812 2332 sollemni

135 2345 187 2376 die
210 2352 335 2383 epulum
358 2345 432 2376 Iovi
466 2344 504 2383 (s.
539 2345 594 2380 25.
632 2347 663 2386 2,
693 2347 744 2386 10)
772 2348 809 2378 Zi-

135 2391 265 2423 bat-etur
290 2396 383 2431 atque
409 2392 446 2422 ob
471 2392 507 2422 id
531 2393 726 2431 sacrificium
760 2403 808 2424 se-

134 2442 231 2469 natue
242 2437 277 2467 in
292 2437 444 2475 Capitolio
463 2438 645 2476 epularetur
654 2450 665 2476 ;
681 2435 810 2469 Preller

138 2480 214 2516 191.
244 2497 283 2505 ·-
309 2483 487 2522 sponsalib„
514 2481 573 2513 das
602 2480 808 2516 Eheverliib-

134 2525 215 2566 niss,
258 2536 322 2558 von
363 2526 455 2559 einer
491 2526 809 2570 Doppelstipulation

883 1113 1049 1146 zwischeu
1067 1113 1139 1145 dem
1160 1113 1267 1146 Vater
1292 1114 1350 1145 der
1368 1114 1469 1146 Braut
1494 1115 1560 1147 und

884 1159 955 1191 dem
981 1159 1172 1200 Br'ziutigam
1198 1163 1352 1200 genannt.
1367 1178 1411 1182 —
1431 1162 1561 1203 Aemil.,

883 1205 935 1237 dic
961 1204 1105 1236 Tochter
1130 1205 1186 1237 des
1210 1204 1263 1236 hei
1289 1204 1420 1237 Cannae
1449 1204 1557 1247 gesal-

883 1250 979 1283 leuen
999 1250 1159 1282 Aemilius
1185 1249 1317 1282 Paulus.
1338 1268 1381 1273 —-
1399 1253 1557 1292 malichu,

883 1296 962 1328 weil
988 1298 1150 1338 indz'qnab.
1179 1296 1264 1327 noch
1298 1296 1432 1328 verbale
1458 1295 1559 1328 Hraft

882 1342 951 1374 hat.
977 1359 1021 1364 —
1045 1344 1188 1381 consult„
1222 1341 1328 1374 dieses
1353 1342 1481 1374 scheint
1505 1342 1558 1375 die

883 1387 968 1419 Sitte
993 1385 1163 1428 gesoroert
1186 1398 1226 1419 zu
1252 1387 1369 1420 haben.
1395 1406 1441 1411 —
1463 1399 1559 1430 quam

882 1437 956 1473 etc.‚
983 1433 1035 1465 die
1061 1432 1246 1465 Coustruct.
1275 1432 1319 1465 ist
1345 1433 1411 1466 wic
1436 1435 1466 1474 3,
1501 1436 1555 1474 45,

886 1481 901 1512 1
918 1491 924 1510 ε
944 1479 1128 1519 praefatus,
1149 1489 1243 1520 quam
1263 1480 1404 1512 libertati
1413 1480 1557 1520 faverim

886 1527 914 1564 1,
949 1526 1000 1566 16,
1042 1526 1078 1558 8:
1112 1527 1233 1557 mirum
1256 1542 1299 1547 —
1326 1536 1482 1566 quamque
1506 1527 1557 1558 de-

881 1573 1035 1602 siderium
1065 1573 1197 1603 lenitum
1228 1572 1288 1613 sit3
1324 1580 1358 1602 es
1383 1581 1455 1602 war
1478 1571 1556 1603 dar-

882 1616 1031 1657 zulegen,
1058 1616 1122 1648 wie
1148 1615 1362 1648 verschieden
1389 1616 1496 1648 dieses
1523 1628 1555 1649 u.

881 1672 906 1693 s.
934 1672 987 1699 w,
1028 1662 1123 1694 oder:
1153 1661 1216 1693 wie
1256 1662 1333 1693 sehr
1372 1662 1405 1694 111
1444 1662 1556 1695 diesen

882 1706 1033 1739 Punkten
1070 1725 1112 1729 —
1151 1706 1360 1746 abweicheu3
1404 1708 1557 1749 h'aufiger

883 1752 968 1784 wird
981 1763 1018 1784 so
1039 1753 1097 1784 das
1108 1752 1236 1794 Adject.
1246 1752 1369 1786 u.Adv.
1383 1753 1444 1785 mit
1460 1765 1556 1795 quam

882 1798 1089 1838 verbunden,
1118 1799 1155 1837 2,
1183 1799 1244 1840 32,
1273 1800 1333 1841 123
1366 1798 1408 1831 ib.
1436 1801 1488 1841 54,
1515 1801 1555 1843 9;

882 1846 912 1883 5,
940 1847 970 1883 4,
999 1846 1035 1883 13
1059 1843 1103 1877 ih.
1133 1846 1164 1884 9,
1197 1846 1234 1883 ὃς
1260 1845 1314 1884 39,
1341 1845 1498 1885 36,1u.
1523 1855 1553 1877 a.

875 1892 1083 1930 propommda
1117 1901 1160 1922 er.
1197 1889 1242 1921 ist
1282 1889 1331 1922 als
1368 1890 1556 1932 perstinlich

881 1935 1064 1966 construirt
1099 1946 1140 1967 zu
1180 1935 1388 1974 betrachten,
1420 1935 1484 1968 wie
1522 1937 1553 1976 8,

881 1982 935 2017 35,
963 1983 1002 2021 43
1028 1980 1094 2013 Cic.
1121 1981 1160 2012 de
1186 1980 1260 2022 imp.
1289 1979 1398 2023 Pomp.
1427 1983 1478 2021 12,
1494 1982 1554 2016 34:

879 2028 953 2059 haec
991 2038 1056 2068 qua
1099 2029 1252 2058 celeritate
1290 2033 1376 2067 ‚qesta
1410 2029 1475 2059 sint
1510 2045 1553 2050 ——

873 2074 1109 2112 praetereunda
1140 2083 1204 2103 non
1235 2079 1312 2104 sune
1343 2083 1373 2104 u.
1407 2073 1436 2105 ii.
1486 2071 1554 2105 Ge-

880 2117 1047 2149 wo'hnlich
1083 2117 1168 2148 wird
1208 2128 1398 2158 quamquam
1430 2124 1459 2150 et
1495 2128 1554 2160 ge-

879 2162 990 2203 lesen;
1008 2163 1092 2195 doch
1109 2162 1196 2195 sieht
1212 2173 1285 2194 man
1306 2163 1424 2195 keinen
1439 2162 1553 2197 Grund

879 2207 934 2240 fiir
953 2208 1014 2240 dei
1032 2208 1244 2250 Conjunctiv,
1263 2219 1291 2242 s,
1312 2210 1364 2248 36,
1386 2211 1440 2250 34,
1461 2211 1491 2244 6.
1509 2227 1553 2232 -

879 2256 1064 2295 ορίηίοηίό.,
1090 2253 1110 2296 ξ
1137 2255 1168 2293 3,
1194 2261 1222 2286 et
1239 2262 1442 2296 monument„
1470 2256 1554 2287 nach

879 2300 952 2342 den,
973 2300 1052 2332 oder
1076 2300 1179 2331 durch
1205 2300 1256 2332 die
1275 2300 1457 2333 Ansichtcn
1477 2311 1508 2332 u.
1527 2311 1553 2334 s.

879 2355 932 2386 w„
955 2346 996 2377 da
1013 2345 1064 2377 die
1078 2345 1373 2378 Verschiedeuheit
1389 2346 1422 2378 iu
1441 2345 1553 2379 diesen

879 2391 944 2422 und
972 2392 1072 2423 durch
1091 2391 1257 2423 dieselben
1282 2391 1433 2424 sichtbar
1455 2391 1552 2435 vird,

879 2435 1124 2469 aufdenselben
1141 2436 1270 2476 beruht,
1301 2437 1366 2479 vgl.
1391 2435 1492 2480 praef.
1519 2439 1550 2471 6.

878 2500 922 2505 -—-
938 2485 1071 2523 variar„
1096 2493 1121 2515 s.
1149 2484 1204 2522 27,
1229 2483 1283 2522 27,
1308 2484 1365 2517 14:
1391 2485 1436 2515 ita
1451 2490 1551 2524 Jama

879 2531 1002 2569 varim,-
1027 2530 1063 2571 9,·
1086 2530 1136 2569 18,
1166 2529 1205 2562 10
1231 2539 1262 2560 u.
1289 2539 1319 2564 a.
1355 2528 1416 2562 Mit
1440 2529 1550 2562 dieser
